3082 4936
634 289 850 348 „71-

183 457 215 537 in
237 476 343 556 hymni
371 496 401 536 v.
425 479 466 536 20
489 475 637 536 iustorum
664 476 802 536 virorum
828 477 935 536 urbem
958 477 1063 536 tuetur
1084 493 1140 536 nos
1164 472 1295 538 offendit.

185 581 277 652 Quod
306 580 428 662 quidem
446 578 656 640 Klausenius¹
686 583 769 640 reete
792 580 952 659 explanat,
983 599 1076 660 quum
1098 579 1186 655 dicit,
1217 581 1297 641 hano

184 683 314 744 Dianam
333 703 403 744 esso
426 683 567 758 troioam,
598 702 677 764 quae
700 684 759 744 etsi
779 683 945 743 multorum
966 683 1073 743 matris
1095 682 1209 744 Idaeae
1230 704 1295 744 mu-

184 787 268 848 nium
287 787 335 847 uti
355 787 529 847 venationis
552 790 584 847 et
606 786 774 847 bestiarum
796 787 913 847 tutelae
936 787 978 848 sit
998 787 1169 866 particeps,
1191 790 1295 849 tamen

183 909 245 950 non
267 890 397 950 eandem
429 909 498 950 esso
522 891 615 970 atque
636 890 738 964 illam,
768 891 822 951 sed
848 890 951 969 potius
981 891 1068 970 quasi
1095 889 1188 950 filiam
1210 890 1293 951 illius

183 1012 253 1054 esse
275 993 460 1069 habendam,
490 993 603 1074 quippe
624 993 656 1053 in
685 1013 776 1074 quam
798 994 913 1054 multae
935 993 1018 1055 illius
1039 995 1172 1055 uirtutes
1194 996 1294 1054 trans-

183 1097 266 1158 latae
289 1097 358 1157 sint.
403 1095 454 1156 sie
476 1112 603 1178 {quoque
625 1097 725 1158 Diana
750 1100 856 1158 urbem
878 1098 1029 1158 iustorum
1056 1099 1192 1159 virorum
1214 1099 1296 1160 tueri

185 1201 296 1261 dieitur
318 1236 361 1246 -
384 1219 475 1282 quam
498 1201 627 1261 tutelam
649 1201 734 1262 urbis
757 1202 808 1262 vel
830 1201 965 1279 regionis
986 1201 1039 1262 vel
1060 1202 1192 1263 fluminis
1212 1203 1294 1263 inter

182 1305 289 1364 matris
312 1303 424 1364 Idaeae
446 1305 499 1365 vel
515 1303 648 1384 Cybeles
669 1305 773 1366 munia
794 1324 864 1366 esse
880 1303 1076 1365 habendam²
1096 1325 1184 1366 nemo
1206 1307 1293 1386 igno·

183 1409 278 1484 rabit,
300 1409 351 1489 qui
373 1409 486 1487 legerit
509 1408 642 1486 Vergilii
663 1407 856 1484 Aeneidem³‚
880 1407 1040 1488 Sophoclis
1062 1409 1262 1472 Philoctetam
1271 1410 1292 1485 ⁴,

185 1512 378 1590 potissimum
393 1511 496 1574 Ovidii
515 1511 654 1573 Fastos⁵
676 1548 718 1555 —
742 1513 795 1573 ubi
817 1515 889 1574 sunt
906 1513 1000 1574 haeae
1021 1514 1132 1573 verba:

317 1615 360 1676 At
383 1636 438 1678 our
458 1616 569 1678 turrita
592 1619 684 1696 eaput
700 1619 748 1677 est
765 1618 872 1678 ornata
895 1635 1014 1691 corona,

314 1719 364 1780 An
378 1721 522 1800 Phrygiis
538 1723 640 1781 turres
655 1721 783 1781 urbibus
797 1721 851 1780 illa
874 1721 981 1781 dedit?
998 1755 1038 1764 -
1056 1721 1141 1782 alios.

184 1823 290 1894 Quare
306 1823 421 1904 Cybele
436 1825 519 1886 diota
536 1829 585 1884 est
608 1825 721 1885 turrita
735 1825 787 1884 vel
801 1825 955 1902 turrigera
966 1824 986 1884 ⁶.

270 1925 415 2008 Sequitur
437 1929 514 1988 dein.
529 1929 583 1988 illa
605 1928 643 1987 de
665 1927 765 1988 Vesta
786 1929 936 2002 narratio,
958 1947 1037 2009 quae
1064 1947 1082 1989 a
1104 1925 1292 1989 Graecorum

181 2032 219 2090 de
234 2031 293 2092 diis
309 2031 500 2109 opinionibus
516 2032 608 2092 valde
623 2032 775 2094 abhorret.
819 2031 889 2102 Qua
910 2033 941 2091 in
960 2051 993 2091 re
1007 2031 1193 2092 Klausenius
1208 2036 1292 2093 reete

180 2133 314 2210 monet⁷‚
338 2135 467 2197 Vestam
493 2136 524 2196 in
546 2133 725 2197 Aeneadum
747 2136 873 2196 urbibus
896 2119 1010 2196 oultam
1031 2154 1101 2196 esse
1125 2136 1292 2196 seeundum
1316 2149 1329 2168 ·

98 2266 101 2272 ’
180 2238 258 2300 illud
294 2259 407 2299 numen
434 2239 563 2300 Idaeum
600 2241 656 2300 sub
693 2241 780 2319 signo
809 2237 946 2319 lapidis8
972 2275 1016 2282 -
1045 2233 1134 2320 que'm
1159 2239 1291 2319 lapidem

181 2343 310 2403 eundern
336 2363 406 2404 esse
432 2363 614 2422 persuasum
638 2344 737 2404 habeo
767 2347 858 2424 atque
888 2343 974 2403 illum
1004 2363 1022 2404 a
1049 2341 1209 2419 Saturnis,
1239 2344 1291 2424 qui

181 2447 258 2506 dens
282 2450 330 2508 est
353 2447 457 2508 mundi
481 2450 582 2508 status
604 2466 666 2507 non
687 2448 747 2508 ianr
771 2448 863 2508 certis
883 2447 1065 2528 quibusdam
1087 2447 1210 2525 legibus
1233 2448 1290 2507 oir-

182 2551 366 2631 oumsoripti,
394 2551 565 2613 deforatum
598 2571 656 2612 neo
674 2571 737 2613 non
766 2556 905 2612 sanetum
934 2551 1055 2612 aedium
1086 2552 1200 2626 iocum,
1231 2570 1289 2631 quo

181 2653 301 2714 condito
331 2654 399 2714 iura
429 2659 514 2716 certa
543 2675 613 2717 esse
649 2655 771 2716 condita
799 2657 875 2734 puta
884 2653 905 2714 ⁹.
956 2653 1178 2734 sempiternam
1214 2673 1289 2714 vero

179 2757 332 2836 virginem
348 2779 382 2818 se
401 2777 471 2820 esse
493 2777 670 2820 mansuram
690 2759 849 2840 deassiurat,
871 2758 1045 2834 1111111001,
1067 2759 1167 2819 fooum
1183 2759 1290 2820 domus

159 2935 163 2942 ⁸
181 2879 302 2940 semper
318 2867 547 2923 sacrosanctum
562 2866 595 2923 et
607 2863 816 2941 inoorruptum
830 2883 900 2923 esse
915 2881 1042 2923 neeesse
1058 2882 1136 2923 esse,
1173 2862 1292 2925 Petitur

179 2983 253 3023 vero
276 2984 355 3025 uxor
369 2967 400 3026 in
422 2968 535 3046 hymno
555 2965 787 3046 aNeptuno'et
806 2965 959 3046 Apolline,
982 2967 1013 3027 id
1034 2969 1083 3026 est
1107 2967 1145 3026 ab
1167 2967 1205 3026 iis
1222 2967 1289 3042 diis,

181 3069 332 3148 aquibus
360 3090 463 3131 muros
494 3091 564 3131 esse
592 3071 731 3131 conditos
754 3069 877 3131 Troiani
905 3070 1122 3148 gloriabantur,
1166 3069 1288 3130 Adver-

180 3173 266 3230 satur
288 3176 390 3233 autem
412 3174 525 3251 Vesta,
556 3176 655 3256 qualis
675 3175 707 3235 in
728 3175 841 3255 hymno
864 3174 1062 3249 describitur,
1086 3174 1198 3253 optimo
1221 3175 1288 3234 iure

179 3274 302 3351 Veneri,
321 3277 433 3357 quippe
451 3300 544 3358 quum
563 3279 732 3340 contrarias
749 3282 855 3358 partes
873 3282 952 3358 agat.
982 3276 1025 3338 At
1046 3278 1072 3338 si
1088 3279 1287 3354 meminimus,

180 3399 330 3439 summum
346 3379 422 3440 illud
433 3400 545 3443 numen
556 3384 639 3462 apud
650 3383 790 3464 Phryges
802 3388 833 3443 et
848 3382 954 3462 Lydos
966 3382 1082 3442 cultum
1092 3384 1287 3461 purissimam

179 3484 354 3544 castitatem
386 3486 562 3563 postulasse
593 3522 635 3530 -
666 3487 698 3547 id
735 3487 816 3568 quod
842 3483 940 3560 Galli,
974 3485 1105 3565 Cybeles
1134 3487 1286 3566 phrygiae

247 3647 274 3714 1)
292 3647 310 3698 l.
324 3645 343 3698 l.
362 3645 434 3714 ng.
449 3647 595 3701 173-174.

249 3730 277 3798 2)
296 3731 425 3786 Gerhard.
444 3732 557 3801 Mythol.
579 3731 658 3796 §140
671 3748 728 3800 sqq.

250 3819 277 3885 3)
296 3817 342 3880 VI,
355 3819 414 3874 784.

247 3903 275 3970 4)
294 3920 319 3956 v.
339 3905 485 3960 ael-394.

246 3989 273 4053 5)
290 3987 337 4052 IV,
357 3991 503 4046 ara-220.
553 4043 554 4046 ,

247 4076 274 4144 6)
293 4074 397 4130 Preller
415 4079 433 4131 l.
446 4078 621 4148 1.1pg.404.

247 4162 275 4230 7)
293 4162 313 4215 l.
325 4162 343 4214 1.
356 4161 370 4214 Ι
382 4179 427 4231 pg.
439 4165 488 4220 166
499 4181 558 4234 sqq,

248 4246 276 4316 8)
294 4245 399 4300 Preller
418 4248 609 4318 1.1.1pg.4o11
629 4251 662 4304 de
680 4249 780 4318 lapide,
801 4247 915 4319 Cybeles
933 4249 1020 4320 signo,
1041 4247 1115 4306 dicit.

246 4332 274 4403 9)
292 4331 397 4389 Preller
414 4334 546 4407 1.1.1pg.
560 4338 612 4394 266
625 4353 682 4408 sqq.
