3082 4936
616 357 831 413 ...11-

163 541 270 622 populi
300 540 607 616 circumferebantur,
638 560 708 602 esse
735 537 944 621 compositum.
989 539 1052 610 Qui
1073 541 1164 621 plura
1185 541 1277 618 dicat,

163 665 234 707 cum
264 646 303 706 de
331 647 416 706 recto
448 644 567 706 sobriae
594 643 843 726 investigationis
873 644 996 705 tramite
1018 643 1172 706 declinare
1195 644 1275 706 Bau-

162 752 326 812 meisterns
358 751 414 829 put
436 751 457 810 t.
508 747 632 812 Utinam
658 768 692 810 re
714 748 886 810 accuratius
908 765 1062 828 perpensa
1084 751 1116 809 et
1136 750 1278 838 exppsita

163 854 298 936 paullulo
329 853 531 929 declinasset,
557 854 698 934 ,profecto
726 852 792 913 iure
821 871 876 914 suc
905 869 946 913 ex
975 853 1067 913 rebus
1098 853 1276 933 praemissis

164 959 261 1020 multa
281 960 365 1019 recte
389 956 606 1018 conclusisset!
640 955 684 1018 At
703 957 756 1018 ille
778 955 882 1017 missis
905 956 1070 1036 figmentis,
1093 975 1172 1039 quae
1192 957 1275 1033 dicit,

166 1063 318 1144 acquievit
340 1060 372 1122 in
393 1061 584 1142 castigandis
602 1061 771 1123 Hermanni
792 1041 888 1122 obelis
911 1063 943 1122 et
962 1061 996 1122 in
1010 1062 1194 1124 removendo
1209 1062 1275 1123 looo

163 1167 216 1229 illo
239 1169 384 1248 suspecto
405 1167 443 1227 de
461 1167 573 1227 natura
595 1184 631 1227 ac
652 1167 719 1228 vita
740 1166 943 1248 nympharum
966 1165 1164 1227 silvestrium.

249 1271 308 1331 His
331 1270 427 1349 igitur
447 1270 584 1330 virorum
604 1271 763 1332 doctorum
780 1271 818 1331 de
830 1271 944 1350 hymno
960 1269 992 1330 in
1004 1269 1158 1330 Venerem
1170 1273 1275 1332 nostro

164 1374 356 1456 opinionibus
391 1374 487 1435 variis
524 1393 561 1436 ac
588 1374 807 1436 diversissimis
839 1373 992 1454 copiosius
1023 1373 1174 1436 enarratis
1203 1374 1277 1435 mihi

164 1483 215 1540 cst
236 1478 423 1559 propositum
444 1478 638 1558 gravissimis
657 1497 748 1560 quam
769 1480 877 1558 potero
900 1477 1090 1557 argumentis
1113 1497 1276 1558 exponere,
1312 1523 1318 1537 ,

165 1584 237 1667 quid
259 1585 326 1662 ipse
346 1582 486 1643 sentiam.
532 1582 624 1654 Quod
646 1588 682 1643 ut
704 1581 861 1662 perficiam
882 1582 1001 1643 duabus
1015 1582 1108 1643 rebus
1125 1601 1202 1662 opus
1218 1583 1276 1644 est,

162 1688 294 1768 primum
314 1689 350 1748 ut
372 1687 411 1747 de
433 1686 540 1768 hymni
561 1705 596 1748 re
611 1687 738 1748 metrica
751 1689 783 1748 et
797 1686 943 1762 oratione,
967 1686 1074 1767 quales
1090 1686 1161 1762 sint,
1183 1705 1275 1768 quae-

163 1792 278 1853 stiones
301 1791 477 1867 instituam,
510 1791 621 1852 deinde
643 1793 679 1852 ut
698 1793 914 1872 argumentum
934 1790 1041 1870 hymni
1062 1790 1181 1851 curiose
1203 1809 1276 1851 exa·
1327 1857 1330 1862 ,

161 1896 281 1957 minem.
316 1895 395 1956 Turn
418 1896 444 1956 si
467 1896 675 1978 explanavero
698 1896 850 1976 quatenus
865 1895 942 1955 illud
957 1895 997 1955 ad
1013 1894 1074 1955 alia
1088 1891 1277 1956 Graecorum

161 2001 297 2063 carmina
328 2001 416 2080 epica
447 2002 480 2061 ct
511 2001 611 2061 totum
637 2004 670 2061 et
694 1999 826 2079 singulis
849 1999 880 2060 in
903 2000 995 2059 rebus
1017 2000 1144 2061 accedat
1164 1999 1215 2060 vel
1238 2001 1275 2060 ab

160 2105 199 2167 iis
227 2106 369 2180 recedat,
409 2123 498 2185 spero
529 2105 593 2166 fore
622 2106 658 2165 ut
685 2105 832 2166 nonnulla
861 2106 893 2164 et
918 2103 1087 2184 probabilia
1109 2105 1148 2165 dc
1170 2105 1277 2186 hymni

163 2211 264 2271 nostri
286 2209 388 2290 patria
411 2228 447 2270 ac
466 2212 559 2290 poeta
580 2210 718 2291 proferre
740 2207 864 2289 possim.
