3082 4936
605 323 819 382 -51-

157 532 217 594 que
246 512 347 591 ipsam
371 512 401 573 ei
428 510 524 572 offert.
575 509 643 572 Hac
673 529 707 571 re
736 511 924 592 quantopere
951 509 1065 590 pudor,
1097 527 1137 570 ne
1166 509 1266 570 dicam

154 619 279 692 noster,
301 617 358 677 sed
382 616 476 677 etiam
499 613 688 678 Graecorum
709 618 851 675 veterum
876 615 979 676 laesus
1006 614 1047 675 sit
1067 613 1135 696 quis
1157 613 1265 692 negat?

155 720 266 802 Neque
293 721 395 782 minus
426 721 463 781 ab
496 721 612 782 usitata
643 722 674 780 et
703 738 722 779 a
750 716 879 781 Graecis
911 721 1059 800 percepta
1080 713 1266 800 {cognitione

153 825 286 886 Veneris
310 827 415 901 abest,
439 827 475 885 ut
498 825 527 886 ei
549 824 649 886 tutela
668 823 842 885 bestiarum
866 824 906 885 sit
929 824 1100 899 commissa,
1124 842 1215 905 quam
1238 824 1266 885 ei

160 930 267 1011 hymni
288 950 339 990 vv.
364 933 494 990 69-74
516 929 691 989 obtrudunt.
734 927 821 989 Haec
840 929 920 990 inter
943 928 1022 990 alius
1047 930 1136 1005 deae,
1159 927 1266 990 Rheae

161 1035 211 1096 vel
233 1033 381 1114 Cybeles,
413 1033 516 1094 munia
542 1052 611 1094 esse
640 1052 728 1094 nemo
758 1033 889 1112 ignorat.
934 1032 1038 1116 Atque
1066 1054 1124 1115 ego
1153 1053 1266 1115 nequa-

160 1159 251 1220 quam
270 1137 488 1200 affirmaverim
509 1173 553 1182 -
571 1137 602 1198 id
625 1139 706 1218 quod
728 1138 789 1198 iam
810 1137 1000 1200 Matthiaeus
1019 1139 1039 1200 l.
1054 1139 1074 1199 l.
1089 1138 1209 1219 respuit
1225 1174 1263 1182 -

158 1243 287 1305 Homeri
309 1242 501 1307 describendi
522 1242 633 1304 rationi
666 1262 736 1304 esse
764 1244 1015 1320 cousentaneum,
1036 1242 1122 1306 Iovis
1144 1243 1267 1306 numine

159 1367 297 1408 amorem
331 1347 484 1410 fervidum
514 1347 644 1408 Veneris
674 1348 773 1408 animo
805 1348 988 1410 instillatum
1029 1347 1128 1410 esse¹.
1187 1347 1268 1410 Nam

161 1452 237 1534 quid
266 1453 305 1512 ad
332 1451 439 1513 Iovem
469 1453 625 1532 pertinent
663 1472 713 1514 res
741 1453 907 1514 amatoriae
942 1453 1012 1514 aliis
1041 1454 1266 1516 obtrudendas?

162 1556 270 1636 Ipsum
291 1575 364 1617 vero
386 1555 493 1616 Iovem
513 1556 693 1636 saepissime
715 1557 897 1618 feminarum
919 1557 1093 1618 mortalium
1114 1558 1266 1619 amoribus

162 1661 328 1741 deperiisse
350 1660 504 1721 Homerus
527 1662 559 1720 et
587 1660 640 1720 alii
662 1657 849 1722 Graecorum
870 1661 1036 1742 scriptores
1062 1661 1267 1740 tradiderunt3

152 1747 311 1847 'nusquam
349 1767 452 1827 autem
496 1765 642 1847 aliquem,
687 1766 857 1846 quicunque
889 1769 952 1843 est,
985 1765 1126 1847 Iuppiter
1165 1785 1268 1829 amore

157 1871 334 1932 inflammat.
384 1869 450 1931 Nec
482 1870 582 1930 minus
616 1867 740 1930 offendit
780 1871 861 1951 quod
900 1869 1017 1932 Dianae
1052 1871 1136 1932 cordi
1173 1869 1268 1932 esse²

157 1977 311 2037 iustorum
324 1975 460 2036 virorum
474 1976 581 2035 urbem
597 1976 747 2034 narratur.
792 1974 882 2045 Quae
903 1975 1054 2050 tutelam,
1079 1975 1179 2056 quoad
1195 1975 1267 2052 scio,

159 2098 262 2160 neque
291 2080 330 2140 ab
358 2077 491 2138 Homero
520 2078 680 2139 commissa
708 2080 757 2139 est
793 2098 892 2161 neque
922 2081 959 2140 ah
990 2079 1048 2141 alio
1080 2076 1269 2141 Graecorum

161 2183 314 2263 scriptore
355 2184 485 2262 excepto
522 2182 655 2243 fortasse
689 2181 841 2244 Pausania
854 2181 874 2259 ³,
915 2184 968 2265 qui
1005 2183 1101 2244 tradit
1140 2182 1270 2244 Dianam

160 2289 244 2368 apud
274 2287 430 2348 Phocaeos
457 2289 492 2346 ut
521 2286 609 2348 dcam
631 2279 786 2372 πατρῴαν
813 2308 882 2350 csse
905 2288 1019 2349 cultam
1030 2287 1050 2348 ⁴.
1105 2287 1186 2348 Dein
1206 2286 1268 2348 Ho-

160 2411 262 2453 merus
282 2392 414 2453 Vestam
435 2392 525 2452 dcam
546 2392 666 2452 omnino
689 2389 838 2472 ignoratl,
859 2411 931 2454 nam
953 2412 1015 2454 vox
1037 2383 1130 2454 ἑστία
1154 2392 1205 2452 vel
1227 2392 1270 2452 io-

164 2497 232 2558 nice
262 2489 351 2580 ἱστίη
378 2497 407 2558 ei
430 2497 478 2556 est
514 2492 627 2572 ,focus',
655 2499 687 2557 et
714 2497 835 2578 quidem
861 2498 892 2558 in
919 2498 1047 2559 solemni
1074 2496 1271 2558 iurisiurandi

164 2601 294 2662 formula
315 2603 436 2662 tantum
456 2619 520 2660 vox
543 2599 626 2680 apud
647 2619 717 2660 eum
738 2603 843 2663 exstat
855 2599 880 2662 ⁶:

450 2713 538 2805 ἱστίη
560 2717 588 2782 τ’
600 2713 752 2807 Ὀδυσῆος
773 2712 936 2802 ἀμύμονος
959 2742 1000 2766 ··’

164 2843 287 2906 Primus
313 2842 469 2904 Hesiodus
489 2841 626 2904 Vestam*
641 2843 745 2929 deam,
769 2844 823 2904 sed
845 2863 905 2904 uno
927 2845 1047 2904 tantum
1074 2839 1165 2903 loco⁷
1193 2860 1271 2902 com-

168 2949 322 3008 memorat.
341 2946 379 3006 In
386 2950 491 3008 nostro
499 2966 573 3008 vero
581 2947 694 3028 hymno
706 2935 937 3017 loeusjsummus
949 2947 1029 3007 inter
1037 2946 1110 3007 deos
1123 2946 1160 3005 ob
1168 2945 1271 3006 matri-

168 3051 302 3112 monium
314 3051 508 3131 repudiatum
519 3053 555 3112 ab
570 3050 646 3112 love
658 3052 687 3112 ei
698 3052 881 3113 conceditur.
911 3050 1075 3132 Nunquam
1090 3051 1163 3130 puto
1176 3046 1272 3110 Grae-

168 3175 221 3216 cos
235 3157 273 3216 ob
292 3162 417 3216 naturae
434 3156 522 3235 leges
544 3158 735 3236 contemptas
749 3173 786 3216 ac
802 3157 964 3237 despectas
979 3174 1047 3216 eam
1060 3155 1145 3214 tanto
1161 3153 1275 3215 honore

166 3259 329 3322 effecturos
357 3261 462 3322 luisse.
487 3295 529 3303 -
552 3259 671 3323 Deinde
694 3261 733 3321 de
756 3259 887 3322 Tithono
910 3278 1009 3341 pauca
1030 3260 1125 3320 verba
1145 3259 1217 3319 sunt
1231 3257 1275 3317 fa-

165 3365 283 3426 cienda.
335 3363 488 3426 Homerus
512 3365 592 3426 enim
615 3365 734 3426 duobus
756 3363 858 3426 locis8
884 3384 955 3424 eum
976 3364 1204 3437 commemorat,
1223 3360 1276 3421 uhi

163 3471 269 3530 tamen
301 3470 366 3532 eius
397 3487 508 3530 nomeu
539 3474 658 3531 tantum
692 3467 826 3530 affertur.
871 3469 1065 3551 Quamquam
1086 3485 1147 3527 non
1169 3467 1277 3545 ignoro

165 3594 228 3636 non
249 3573 363 3654 ubique
386 3593 456 3634 esse
477 3574 735 3650 concludendum,
765 3573 947 3649 Homerum,
968 3592 1062 3654 quum
1080 3571 1215 3633 fabulam
1237 3570 1277 3630 si-

238 3707 266 3778 1)
285 3707 396 3776 Hymni.
411 3722 436 3762 v.
457 3707 503 3761 45.

241 3795 269 3864 2)
287 3795 390 3864 Hymn.
402 3811 427 3851 v.
442 3793 484 3848 20.

239 3882 409 3951 amaa

238 3969 266 4038 4)
286 3967 408 4023 Gerhard
425 3966 540 4038 Mythol.
552 3966 575 4034 ξ.
589 3963 739 4028 328-346,
759 3963 806 4032 qui
824 3964 848 4032 ξ.
863 3963 914 4019 328
932 3964 988 4017 not.
1002 3962 1018 4016 6
1036 3961 1116 4014 illum
1127 3957 1279 4015 Pausaniae

168 4057 268 4211 locmdl)
279 4055 412 4196 adddrrltrard
427 4140 444 4195 l.
458 4143 477 4195 l.
492 4141 516 4208 ξ.
530 4139 590 4193 285.
627 4135 731 4189 Preller
743 4133 848 4190 Griech.
862 4133 976 4205 Mythol.
989 4133 1025 4205 (a.
1035 4131 1114 4202 1854)
1126 4131 1148 4197 Ι,
1162 4148 1207 4200 pg.
1219 4130 1280 4186 266.

242 4230 268 4299 6)
290 4227 387 4294 Odyss.
403 4231 424 4292 ξ,
440 4228 504 4292 159;
521 4247 545 4298 ρ,
559 4225 623 4288 156;
643 4243 666 4287 τ,
678 4223 746 4286 304;
765 4243 790 4286 υ,
802 4221 861 4276 231,

244 4316 271 4385 7)
290 4314 390 4382 Theog.
404 4329 428 4366 r.
441 4315 503 4368 454.

242 4401 271 4470 8)
289 4400 369 4455 Iliad.
382 4421 406 4464 v,
420 4399 484 4464 2375
497 4397 593 4468 Odyss.
607 4415 628 4461 ε,
641 4396 667 4451 1.
