3082 4936
668 268 863 323 ..4.-

208 452 400 533 explicandis
424 450 465 513 sit
488 449 629 513 effectum
651 451 765 533 quidve
788 452 877 513 desit.
915 451 959 513 At
981 472 1074 534 quum
1095 455 1227 534 quatuor
1249 456 1322 514 sunt

205 557 313 638 hymni
336 557 479 618 homerici
499 557 639 634 maiores,
659 557 751 619 valde
773 559 874 634 miror,
895 559 977 639 qnod
999 563 1064 620 tres
1079 560 1199 619 tantum
1214 558 1320 638 hymni

206 663 512 723 commentationibus
542 660 620 739 illis,
654 680 731 743 quas
762 661 924 742 descripsi,
952 662 1051 723 adhuc
1070 662 1217 723 illustrati
1238 665 1319 738 sunt,

206 767 393 846 praesertim
416 786 509 847 quum
531 765 584 826 ille
606 767 748 847 hymnus,
772 766 825 848 qui
846 766 996 846 respectis
1020 766 1131 826 studiis
1153 766 1185 826 in
1207 767 1318 827 ceteris

204 871 329 953 hymnis
352 870 509 932 collocatis
532 870 694 950 neglectus
710 873 767 946 est,
789 889 863 934 sane
878 871 1011 951 optimus
1025 888 1060 931 ac
1075 871 1317 950 perfectissimus

205 995 275 1036 esse
291 975 434 1037 videatur
448 980 479 1034 et
494 973 554 1034 iam
569 975 607 1034 ab
623 974 757 1056 anthuis
769 974 940 1036 hominibus
952 974 1067 1055 insigni
1078 965 1317 1058 &propinandam

205 1080 326 1140 nomine
350 1079 544 1154 annotatus,
567 1078 714 1158 hymnum
737 1079 803 1139 dico
826 1079 858 1139 in
878 1078 1040 1154 Venerem,
1063 1079 1101 1140 de
1124 1098 1183 1161 quo
1203 1079 1317 1154 nullus,

205 1185 307 1266 quoad
330 1184 409 1261 scio,
441 1183 590 1244 eiusmodi
612 1182 736 1244 libellus
759 1185 873 1244 exstat.
920 1184 1040 1255 Quibus
1063 1185 1155 1245 rebus
1178 1185 1317 1246 omnibus

205 1291 374 1350 commotus
395 1288 555 1349 consilium
578 1288 646 1368 cepi
668 1287 764 1349 libelli
784 1287 971 1364 conficiendi,
994 1295 1029 1350 ut
1051 1288 1084 1350 in
1099 1287 1232 1350 medium
1246 1308 1315 1369 prc-

204 1394 302 1454 feram
330 1393 496 1473 opiniones,
528 1392 675 1474 quas-de
703 1393 816 1473 hymno
846 1393 878 1453 in
900 1392 1054 1454 Venerem
1082 1393 1234 1454 homerico
1257 1393 1317 1455 viri

205 1498 288 1559 docti
307 1498 477 1559 ediderunt.
511 1495 540 1557 A
562 1516 621 1578 quo
644 1497 801 1577 proposito
818 1498 937 1558 secerni
947 1516 1006 1559 non
1022 1500 1134 1578 potest,
1156 1517 1177 1557 u
1206 1497 1316 1558 latiore

206 1602 415 1683 disputatione
437 1601 543 1682 hymni
564 1602 597 1661 et
618 1620 683 1661 rem
696 1601 855 1662 metricam
870 1607 901 1663 et
916 1601 1084 1669 orationem
1099 1603 1261 1680 exigamus
1278 1603 1316 1663 ad

205 1707 366 1768 obrussam
388 1705 478 1787 quasi
500 1703 667 1765 carminum
687 1705 947 1781 hommericorum‚
971 1724 1049 1786 quae
1074 1705 1155 1766 omni
1176 1705 1214 1766 de
1229 1705 1315 1786 poesi

205 1807 391 1873 Graecorum
429 1809 516 1890 epioe
550 1829 585 1870 ac
621 1809 816 1889 potissimum
854 1806 901 1870 (10
921 1810 1105 1872 carminibus
1133 1811 1228 1890 epicis
1258 1813 1314 1873 sub

204 1915 329 1976 Homeri
362 1913 483 1974 nomine
517 1913 582 1974 diu
603 1913 789 1974 circumlatis
827 1913 1000 1995 quaestioni
1032 1912 1205 1975 firmissimo
1244 1917 1315 1975 sunt

204 2020 417 2096 fundamento,
463 2019 641 2098 explanem,
681 2019 755 2100 quid
795 2019 862 2099 ipse
904 2019 942 2080 (10
976 2019 1085 2100 hymni
1123 2022 1314 2099 argumento,

203 2128 304 2204 poeta,
324 2123 424 2203 patria
445 2123 584 2183 sentiam.

291 2226 367 2290 Inde
383 2230 421 2288 ab
437 2246 515 2288 anno
527 2221 688 2288 millesimo
701 2227 976 2308 septingentesimo
987 2227 1187 2307 nonagesimo
1199 2227 1314 2309 quinto,

204 2353 262 2415 quo
284 2331 418 2394 Wolfius
433 2331 652 2412 prolegomena
667 2333 706 2393 ad
720 2331 888 2393 Homerum
902 2332 1021 2413 inclyta
1036 2332 1142 2409 edidit,
1162 2335 1193 2393 et
1208 2331 1316 2393 Wolfii

204 2443 235 2500 et
255 2441 426 2499 ceterorum
449 2436 586 2497 virorum
606 2437 764 2498 doctorum
785 2456 879 2517 opera
899 2448 930 2497 et
946 2438 1057 2499 studiis
1073 2436 1207 2516 cognitio
1223 2457 1316 2518 qunm

200 2561 331 2623 poeseos
351 2541 456 2621 spicae
470 2536 660 2602 Graecorum
682 2546 747 2601 tum
767 2541 935 2603 carminum
950 2539 1181 2603 Homericorum
1196 2543 1315 2603 tantum

199 2647 347 2728 provecta
370 2649 462 2727 atque
484 2655 575 2706 aucta
595 2647 652 2721 est,
675 2648 710 2706 ut
730 2645 829 2706 multa
851 2651 882 2707 et
903 2664 1001 2727 usque
1025 2664 1060 2706 00
1081 2645 1238 2724 incognita
1255 2645 1316 2706 sint

198 2751 333 2826 inventa,
354 2750 453 2810 multa
474 2769 549 2811 vero
571 2750 680 2811 deesse
700 2750 921 2832 intelligantur.
954 2751 1061 2822 Quare
1082 2769 1128 2826 ea,
1152 2767 1230 2830 quae
1252 2749 1313 2811 viri

199 2855 280 2916 docti
309 2855 348 2915 (10
369 2853 501 2916 Homero
530 2857 623 2934 poeta
645 2858 716 2916 ante
738 2854 888 2917 Wolfium
910 2855 1075 2930 senserint,
1112 2855 1177 2914 fere
1197 2853 1312 2915 nullius

198 2959 388 3022 aestimanda
420 2978 490 3020 esse
520 2961 604 3039 puto.
648 2959 736 3020 Idem
757 2964 806 3020 est
827 2960 1024 3021 iudicandum
1046 2959 1084 3019 de
1109 2957 1311 3039 opinionibus,

198 3082 277 3146 quae
298 3067 424 3125 exstant
447 3064 485 3124 de
506 3063 629 3145 hymnis
653 3065 823 3141 homericis,
847 3083 1031 3146 quemquam
1053 3064 1230 3142 negandum
1251 3081 1312 3123 non

198 3172 255 3244 est,
278 3168 338 3229 iam
361 3171 434 3228 ante
449 3167 606 3243 Wolfinm,
629 3169 691 3230 etsi
712 3169 866 3230 Homerus
889 3173 977 3231 vates
1001 3187 1112 3229 caecus
1133 3187 1203 3228 esse
1220 3167 1312 3228 etiam

197 3275 366 3351 putaretur,
382 3272 436 3333 illa
447 3291 577 3352 poeseos
592 3273 699 3353 spicae
711 3269 900 3335 Graecorum
911 3272 1044 3334 frustula
1054 3271 1180 3334 Homeri
1191 3272 1312 3333 nomine

198 3376 293 3455 digna
318 3395 380 3437 non
403 3396 473 3437 esse
493 3377 648 3438 nonnullis
671 3378 834 3458 placuisse.
879 3377 968 3448 Quae
992 3376 1167 3456 opiniones,
1201 3376 1311 3457 quibus

196 3481 328 3562 hymnos
350 3479 483 3542 Homero
509 3481 727 3544 abiudicandos
750 3501 819 3543 esse
839 3481 1001 3557 docemur,
1027 3483 1153 3562 postero
1175 3481 1312 3558 tempore

198 3586 389 3665 argumentis
416 3586 596 3648 certioribus
619 3565 724 3647 ¹etiam
754 3586 909 3648 stabilitae
932 3605 967 3648 ac
990 3585 1187 3648 confirmatae
1213 3583 1313 3644 adhuc

198 3694 281 3752 stant
312 3695 344 3751 et
364 3693 527 3770 putantur,
558 3690 660 3753 itaut
684 3710 843 3771 opusncn
866 3691 995 3753 habeam
1019 3688 1226 3769 disputatione
1250 3705 1311 3748 om-

196 3796 295 3876 pliore
317 3799 464 3877 probare,
493 3797 640 3877 hymnos,
673 3797 726 3878 qui
747 3796 843 3876 vulgo
864 3796 1011 3858 homerici
1033 3794 1244 3868 nominantur,
1274 3792 1311 3854 ab

197 3899 331 3963 Homero
355 3902 510 3963 confectos
532 3921 602 3962 esse
625 3921 687 3963 non
709 3921 810 3982 posse.
852 3901 957 3984 Atque
977 3898 1097 3961 omnino
1120 3898 1159 3959 (10
1180 3898 1313 3959 omnium

198 4005 383 4086 hymnorum
398 4006 620 4067 homericorum
638 4009 722 4068 statu
738 4007 828 4087 plura
843 4005 936 4068 affere
952 4003 1149 4084 supersedeo,
1171 4003 1313 4084 quoniam

196 4109 235 4169 de
265 4129 325 4170 uno
354 4110 386 4171 in
409 4109 560 4171 Venerem
589 4111 703 4192 hymno
732 4130 826 4190 agere
855 4110 928 4170 mihi
960 4107 1153 4189 propositum
1176 4110 1234 4168 est.
1279 4104 1313 4167 Si

197 4214 265 4296 quis
293 4233 368 4274 1010
398 4215 635 4294 disputationem
672 4215 850 4296 amphorem
879 4213 1032 4295 requiret,
1063 4231 1135 4272 eum
1156 4211 1259 4273 reiicio
1282 4211 1314 4271 in

196 4317 385 4381 Groddcckii
399 4319 510 4380 librum
525 4320 563 4380 de
577 4319 761 4400 hymnorum
775 4318 996 4380 homericcrum
1011 4316 1148 4397 reliquiis
1162 4312 1312 4394 (Gotting.
