3082 4936
597 261 918 343 gy-oo-

257 469 327 510 osse
350 449 382 508 et
403 449 440 509 ab
463 466 500 508 ea
520 448 645 510 mulceri
668 450 700 508 et
722 449 862 510 domarit
899 447 964 510 Nec
987 449 1098 511 desunt
1118 449 1256 510 hocloco
1272 449 1358 510 tosti-

257 553 358 614 monia
387 556 528 614 veterum
557 553 755 632 scriptorum,
784 571 856 614 nam
884 553 1017 634 hymnus
1047 539 1167 635 quoque
1188 553 1358 614 homericus

256 655 355 732 XIV,
390 656 442 737 qui
474 657 506 716 in
537 656 682 716 honorem
713 657 819 718 matris
851 657 977 719 deorum
1013 661 1061 718 est
1096 657 1299 738 compositos,
1331 658 1358 718 ei

256 760 384 821 eandem
405 761 536 822 tutelam
557 759 722 840 assignat²,
744 764 776 822 et
798 749 981 842 Apollonius
1004 763 1035 822 in
1049 759 1286 841 Argonautiois³
1304 782 1360 823 nec

258 885 319 927 non
339 864 511 926 Lucienus⁴
538 865 601 926 fere
631 866 746 941 eadem,
777 885 853 946 quae
881 869 952 928 sunt
981 868 1013 927 in
1040 867 1152 947 hymno
1179 868 1300 942 nostro,
1323 866 1360 929 do

259 970 383 1052 Cybele,
403 970 572 1030 bestiarum
583 972 721 1049 patrona,
742 974 874 1031 narrant.
919 969 966 1031 Ac
987 991 1026 1032 ne
1044 972 1154 1032 mirum
1168 971 1291 1052 quidem
1305 977 1360 1044 est,

258 1075 342 1158 qnod
353 1075 382 1135 ei
393 1075 477 1150 deae,
501 1075 629 1155 quaein
651 1073 726 1134 Idae
749 1074 877 1136 saltibus
899 1093 935 1135 ac
958 1076 1096 1155 deruptis
1119 1076 1259 1136 faucibus
1283 1075 1360 1138 colc-

256 1181 357 1253 hatur‚
389 1180 507 1240 bestiae
540 1179 639 1239 factae
678 1181 750 1240 sunt
784 1197 896 1255 sacras,
932 1182 963 1241 at
993 1181 1200 1260 maximopere
1231 1179 1362 1256 offendit,

257 1284 340 1366 quod
361 1283 482 1359 Venus,
512 1283 624 1345 amoris
646 1285 677 1344 et
698 1283 934 1363 pulchritudinis
957 1285 1032 1361 dea,
1064 1305 1132 1346 oum
1158 1285 1267 1346 bestiis
1287 1286 1361 1346 tam·

260 1408 351 1470 quam
385 1389 596 1450 commercium
630 1389 703 1467 agit.
764 1387 969 1457 Quamobrem
1006 1387 1147 1452 effectum
1178 1409 1249 1450 esse
1280 1392 1363 1469 puto,

258 1493 343 1555 illam
357 1493 525 1553 bestiarum
539 1493 670 1553 tutelam
685 1511 725 1552 ex
738 1493 845 1552 matris
863 1491 975 1554 Idaeae
997 1493 1171 1554 numinibus
1186 1493 1219 1554 in
1233 1493 1364 1554 Veneris

258 1599 373 1658 troicae
411 1615 537 1656 munera
565 1616 634 1657 csse
667 1597 856 1658 translatam.
900 1598 1002 1668 Quam
1027 1617 1103 1658 vero
1132 1598 1365 1659 translationem

258 1702 292 1762 in
307 1700 426 1763 Troade
449 1701 526 1781 ipsa,
548 1702 579 1761 in
602 1719 663 1782 qua
681 1702 838 1762 ambarum
852 1702 1016 1781 religiones
1032 1703 1147 1764 mixtae
1163 1702 1224 1762 sint
1239 1722 1365 1763 necesse

260 1808 318 1881 est,
347 1807 467 1867 tantum
499 1804 566 1866 fieri
596 1806 734 1886 potuisse
763 1826 818 1886 per
844 1827 878 1866 se
906 1807 1007 1886 ipsum
1035 1807 1138 1887 liquet.
1181 1805 1232 1866 Ex
1252 1807 1309 1867 hac
1332 1825 1364 1867 re

261 1911 321 1972 iam
344 1910 495 1990 suspicari
516 1930 697 1990 possumus,
728 1911 809 1971 unde
838 1911 923 1988 origo
953 1911 1075 1971 fabulae
1103 1913 1228 1971 nostrae
1253 1912 1364 1990 sitpe-

260 2016 363 2077 tenda.
401 2015 504 2096 Atque
525 2002 629 2075 exstat
650 2015 682 2074 in
702 2015 808 2095 hymni
826 2035 876 2076 vv.
898 2019 975 2089 111,
1001 2019 1078 2090 112,
1100 2019 1171 2090 137,
1196 2018 1257 2076 146
1279 2034 1364 2096 prae·

261 2120 463 2181 clarissimum
496 2119 594 2180 adhuc
621 2120 841 2195 testimonium,
873 2118 1020 2180 Troianos
1049 2139 1110 2180 non
1138 2120 1228 2199 plane
1259 2120 1367 2180 oblitos

263 2225 377 2299 inisse,
402 2223 561 2300 Venerem,
586 2242 678 2305 quam
698 2225 851 2300 colebant,
874 2225 978 2301 multa,
1008 2228 1043 2284 ut
1065 2225 1109 2284 ita
1129 2225 1234 2300 dicam,
1258 2225 1367 2286 debere

264 2322 423 2409 Phrygum
443 2347 574 2408 magnae
598 2328 682 2404 deae,
706 2347 776 2388 nam
796 2329 869 2389 dicit
890 2333 996 2390 v..111
1019 2328 1125 2390 Venus
1144 2330 1221 2408 ipsa,
1244 2349 1278 2390 se
1300 2349 1367 2390 esse

265 2432 360 2509 Otrei,
383 2432 542 2514 Phrygum
570 2431 681 2512 regis5,
711 2432 812 2494 filiam.
858 2433 959 2504 Quam
989 2454 1054 2495 rem
1082 2434 1207 2495 fortuito
1239 2437 1368 2514 apoeta

265 2559 334 2599 esse
368 2539 573 2617 excogitatam
608 2538 675 2619 quis
710 2536 858 2598 affirmet?
914 2535 998 2598 Nihil
1037 2557 1111 2599 vero
1154 2538 1253 2614 valet,
1291 2539 1366 2621 quod

268 2641 421 2704 Anchises
441 2645 472 2704 et
486 2641 609 2704 Aeneas
625 2641 749 2703 Troiani
761 2643 833 2703 sunt
855 2645 886 2702 et
910 2660 955 2717 ea,
979 2661 1057 2723 quae
1072 2643 1183 2723 hymno
1200 2649 1363 2718 narrantur,

266 2749 298 2808 in
320 2746 391 2823 Ida,
414 2747 529 2808 troicac
557 2749 659 2808 terrae
681 2748 792 2823 monte,
816 2748 1007 2824 gestarunt.
1044 2744 1167 2808 Etenim
1185 2743 1368 2809 Graecorum

266 2855 374 2934 poetas
408 2852 526 2912 fervida
561 2852 738 2931 phantasia,
769 2870 860 2933 quam
889 2851 1009 2927 dicunt,
1039 2869 1092 2926 ea,
1131 2869 1209 2932 quae
1237 2852 1299 2931 ipsi
1320 2851 1370 2913 vel

270 2977 310 3018 ex
340 2957 475 3037 ipsorum
502 2956 634 3035 ingeniis
665 2957 840 3036 excogitata
860 2957 1022 3032 haberent,
1054 2956 1245 3036 saepissime,
1275 2958 1302 3017 si
1323 2976 1371 3016 res

268 3063 423 3142 posceret,
461 3061 501 3121 ad
529 3061 674 3122 barbaros
704 3079 739 3122 ao
770 3062 989 3122 remotissimos
1019 3060 1149 3140 populos
1177 3062 1373 3122 transtulisse

269 3167 336 3248 quis
352 3166 496 3244 ignorat?
513 3163 632 3226 Sufficit
647 3165 727 3227 inter
741 3166 853 3226 multos
870 3165 947 3226 alios
957 3167 1056 3225 testes
1064 3183 1175 3225 vocare
1185 3164 1372 3246 Aeschylum

268 3271 300 3331 in
322 3269 426 3331 fabula
447 3269 611 3330 Persarum
631 3272 662 3331 et
684 3269 863 3350 Euripidem
883 3269 916 3328 in
936 3267 1040 3329 fabula
1062 3267 1206 3330 Helenae.
1240 3305 1281 3314 —-
1313 3267 1373 3330 Sed

269 3375 365 3436 multo
402 3375 491 3455 plura
526 3374 672 3436 habemus
714 3378 909 3454 argumenta,
955 3373 1064 3455 quibus
1103 3373 1203 3434 elucet
1240 3373 1373 3434 fabulam

269 3480 376 3560 hymni
411 3480 508 3540 nostri
533 3480 564 3540 in
595 3478 714 3540 Troade
744 3481 844 3538 ortam
865 3481 897 3538 et
917 3477 1028 3554 fictam,
1054 3497 1116 3539 non
1137 3482 1238 3539 autem
1259 3479 1291 3538 in
1314 3479 1373 3538 for·

271 3603 368 3660 mam,
394 3586 429 3644 ut
458 3585 503 3645 ita
531 3584 645 3660 dicam,
675 3584 826 3664 poeticam
854 3602 924 3644 esse
946 3583 1112 3645 redactam.
1157 3583 1207 3643 Ad
1230 3601 1308 3664 quae
1328 3601 1375 3642 ar·

274 3691 428 3768 gumenta,
449 3688 475 3749 si
497 3688 607 3769 placet,
630 3708 709 3749 nunc
732 3689 865 3750 animum
886 3687 1090 3749 advertamus.

347 3993 372 4062 1)
392 3991 513 4058 Gcrhard
530 3992 549 4045 l.
569 3993 588 4047 l.
606 3991 628 4056 l,
645 3992 836 4059 §.140-1503
857 3991 961 4046 Preller
978 3991 997 4044 l.
1017 3991 1036 4045 1.
1054 3989 1069 4044 I
1087 4006 1131 4060 pg.
1143 3991 1194 4044 411
1214 4006 1271 4059 sqq.

344 4078 375 4235 {A
388 4081 513 4231 A,5i140
534 4181 592 4234 sqq.

346 4252 375 4321 4)
390 4252 420 4306 in
439 4252 511 4307 deor.
531 4250 630 4319 dialog.
650 4252 691 4307 12.

349 4339 376 4409 5)
396 4340 496 4408 dequo
515 4339 570 4392 iam
589 4338 723 4393 Homerus
740 4337 820 4394 Iliad.
835 4357 863 4408 γ,
882 4339 932 4395 186
945 4338 1074 4393 nonnulla
1087 4337 1198 4393 attollit.
