3082 4936
604 333 819 391 ...23-

243 517 297 576 νῦν
327 491 372 577 δέ
394 533 429 576 σε
458 510 516 594 μὲν
548 505 629 592 τάχα
648 513 743 598 γῆρας
766 505 878 594 ὃμόϊον
897 505 1125 602 ἀμφικαλύψει
1155 555 1196 564 -
1227 520 1264 580 de

157 641 226 703 quo,
247 622 396 701 quantum
415 619 485 694 scio,
506 618 581 678 nihil
602 618 687 694 dixit,
708 621 841 682 tortasse
863 623 933 702 quia
956 643 1024 684 cum
1046 623 1112 684 eius
1128 624 1267 684 doctrina

156 726 209 786 illc
232 743 294 786 non
315 723 474 785 convenire
494 723 663 784 videbatur.
700 723 800 795 Quem
821 745 947 786 versum
967 727 1052 787 nullo
1069 728 1157 788 modo
1176 729 1265 807 potes

158 832 244 890 recte
269 828 384 903 metiri,
418 827 477 888 nisi
501 827 612 888 statuis
632 827 664 887 in
685 827 747 888 arsi
769 829 893 890 brevem
915 831 1066 910 syllabam
1086 833 1121 892 ut
1143 831 1266 894 finalem

158 935 204 994 ita
225 951 342 993 omnem
363 951 454 1012 posse
472 930 607 1010 produci.
649 930 766 992 Eodem
784 933 873 994 modo
895 934 1068 1013 explicatur
1089 955 1119 995 v.
1140 939 1189 1012 67,
1213 937 1265 998 ubi

160 1037 246 1098 vocis
266 1029 348 1115 μετὰ
368 1035 475 1096 ultima
497 1034 619 1115 syllaba
638 1035 670 1096 in
693 1035 755 1096 arsi
771 1040 819 1097 est
840 1037 997 1116 producta.
1027 1039 1265 1119 Quamproduc-

159 1141 272 1202 tionem
294 1139 375 1220 apud
391 1137 558 1198 Homerum
574 1157 693 1220 quoquc
708 1139 941 1202 usitatissimam
958 1145 1029 1203 ante
1047 1162 1153 1204 vocem
1168 1139 1267 1226 νέφος

159 1243 238 1304 male
260 1243 397 1324 explicat
418 1241 618 1304 Hoffmannus
641 1242 672 1320 (l.
689 1243 709 1302 l.
727 1242 751 1303 Ι.
774 1263 847 1324 pgg.
863 1247 924 1306 135
949 1247 982 1306 et
1002 1247 1077 1324 150)
1099 1266 1151 1322 eo,
1186 1249 1267 1328 quod

159 1349 248 1423 dixit,
270 1365 377 1410 rocem
396 1341 494 1429 νέφος
515 1346 644 1426 pristino
668 1349 803 1428 tempore
825 1348 934 1410 abinis
948 1351 1090 1414 consonis
1106 1351 1266 1432 incepisse,

162 1467 292 1535 quarum
322 1450 431 1531 prioris
452 1447 503 1525 ,d‘
522 1449 573 1510 vel
595 1453 651 1525 ,a‘
672 1485 716 1495 —
733 1452 851 1513 confert
873 1453 953 1516 enim
975 1472 1067 1515 voces
1092 1449 1213 1537 κνέφας
1236 1458 1268 1518 et

164 1551 318 1640 δνοφερὰς
348 1591 387 1598 -
416 1559 572 1636 tamquam
592 1557 729 1617 umbram
750 1557 910 1633 restitisse,
934 1577 1013 1640 quae
1036 1557 1208 1622 suffecisset
1228 1560 1268 1620 ad

162 1660 387 1742 producendam
414 1659 553 1738 vocalem
585 1659 670 1720 vocis
700 1660 857 1740 proximae
882 1661 1028 1724 ultimam.
1079 1660 1123 1723 At
1152 1663 1267 1742 linguis

158 1763 299 1844 cognatis
320 1763 492 1838 edocemur,
515 1763 593 1824 hanc
612 1782 720 1824 vocem
741 1782 760 1824 a
782 1765 947 1840 ,r‘littera
966 1765 1095 1846 simplici
1108 1765 1268 1847 incepisse,

159 1890 229 1931 nam
266 1869 405 1929 conferas
435 1886 527 1928 voces
564 1868 745 1929 sanseritam
786 1868 930 1930 nab-has
960 1869 1104 1946 ‚Dunst‘‚
1140 1869 1269 1931 latinam

64 2039 68 2046 ,
158 1975 298 2052 ,nubes‘‚
321 1971 527 2052 germanicam
547 1972 610 2050 <vel
639 1973 741 2053 potius
759 1973 950 2050 islandicam)
973 1973 1153 2036 nid-heimr
1173 1975 1268 2051 (unde

158 2099 269 2140 nomen
296 2075 542 2155 ,Nibelungen‘)‚
564 2078 701 2138 nostram
720 2075 860 2153 ,Nebel‘‚
882 2081 914 2138 et
934 2079 964 2139 in
986 2077 1093 2157 lingua
1105 2077 1266 2140 Slavorum

160 2181 473 2258 ecclesiastica‚nebo
483 2183 490 2211 ‘
502 2179 669 2255 ,Himmel‘
686 2178 756 2260 (ἃς.
769 2181 894 2246 Curtius
907 2179 1095 2262 Grundziigc
1110 2203 1162 2262 pg.
1179 2184 1265 2260 276).

158 2287 268 2369 Neque
296 2285 386 2347 aliter
412 2291 460 2346 est
487 2284 682 2346 iudicandum
711 2284 750 2346 de
775 2306 804 2346 v.
829 2290 907 2362 119,
931 2287 982 2347 ubi
1002 2280 1038 2348 ds*
1062 2286 1214 2366 particula
1235 2287 1267 2348 in

161 2391 224 2454 arsi
246 2393 294 2452 est
316 2390 472 2470 producta,
493 2408 555 2449 non
576 2393 678 2450 autem
697 2392 824 2470 propter
845 2389 992 2472 pristinas
1013 2391 1101 2453 binas
1116 2410 1266 2452 consonas

162 2495 293 2556 initiales
330 2493 415 2554 vocis
441 2493 629 2575 insequentis
661 2487 820 2576 ,vdpcputt
871 2493 981 2575 Inepte
1013 2497 1116 2556 autem
1145 2495 1268 2556 videtur

161 2599 314 2663 iudicasse
335 2597 480 2658 Benfeius
503 2597 535 2657 in
552 2597 642 2658 lexic.
657 2598 741 2659 radd.
758 2617 875 2678 graeco.
891 2597 925 2658 Π
941 2603 1078 2679 pg.182,
1097 2598 1149 2680 qui
1163 2617 1265 2680 quam-

163 2723 253 2786 quam
281 2704 360 2764 hanc
388 2721 496 2763 vocem
525 2721 566 2762 ex
587 2703 721 2785 νοβ-φφ
740 2704 845 2764 natam
867 2706 950 2765 recte
969 2723 1038 2765 oum
1057 2703 1152 2764 latino
1173 2703 1267 2763 verbo

162 2808 297 2870 nubendi
318 2825 494 2886 comparare
516 2806 615 2882 iubet,
646 2809 748 2868 tamen
768 2806 885 2868 insulse
904 2807 932 2868 ei
954 2807 1061 2868 tribuit
1080 2806 1268 2886 gutturalem

165 2911 326 2986 initialem,
358 2929 436 2992 quae
461 2912 545 2971 esset
569 2911 600 2970 in
622 2912 728 2971 nostra
749 2929 826 2971 voce
847 2911 1015 2991 ,kniipfen‘
1059 2909 1102 2971 At
1121 2913 1269 2986 ,nubere‘

167 3019 215 3077 est
243 3016 356 3077 dictum
384 3017 422 3076 de
451 3013 553 3075 velato
585 3033 716 3094 sponsae
738 3015 838 3095 capite
863 3049 902 3060 -
929 3034 1023 3096 quare
1040 3014 1149 3076 eadem
1167 3015 1269 3076 radice

165 3141 226 3184 vox
254 3111 356 3204 νύμφη
383 3118 481 3180 utitur
510 3121 601 3200 atque
628 3111 738 3201 νέφος,
775 3137 866 3200 quarn
895 3137 915 3179 a
940 3121 994 3194 ‚r‘
1014 3119 1118 3179 littera
1140 3117 1270 3198 simplici

165 3226 298 3306 incipere
338 3243 431 3304 supra
462 3223 603 3284 diximus.
632 3259 673 3266 -·
704 3221 842 3284 Eandem
876 3223 1106 3303 productionem
1147 3222 1271 3284 admisit

164 3329 317 3391 Homerus
351 3328 383 3389 in
411 3327 508 3389 Iliade
531 3323 556 3404 ξ,
577 3331 640 3388 444
662 3327 694 3389 in
716 3345 845 3390 caesura
868 3327 1081 3410 semiquinaria
1103 3329 1135 3388 et
1156 3325 1269 3407 Odyss.

165 3456 191 3495 ν.
215 3435 277 3496 355
308 3433 339 3494 in
366 3450 494 3494 caesura
525 3432 750 3508 semiternaria,
783 3451 861 3514 quae
891 3434 939 3494 est
967 3431 999 3493 in
1022 3433 1127 3493 nostro
1151 3449 1271 3512 quoque

164 3540 239 3600 loco.
283 3537 352 3599 Huc
383 3536 539 3617 pertinent
564 3556 684 3618 quoque
710 3536 926 3618 productiones
957 3540 1029 3596 ante
1058 3553 1151 3597 voces
1171 3528 1272 3615 μέγας

167 3646 202 3704 et
220 3635 367 3722 μέγεθος,
381 3659 458 3722 quas
475 3637 675 3702 Hoffmannus
689 3643 719 3720 (l.
734 3642 753 3701 l.
774 3640 856 3722 ng.
873 3639 948 3716 155)
965 3639 1098 3720 explicat
1114 3659 1154 3699 ex
1168 3639 1271 3702 littora

167 3731 239 3808 ante
259 3749 312 3824 ,p‘
334 3745 485 3827 quondam
505 3744 615 3824 posita,
638 3764 716 3827 quae
739 3747 847 3825 postea
867 3744 1003 3819 evanuit,
1025 3758 1207 3824 quamquam
1223 3743 1272 3804 vir

167 3850 362 3911 doctissimus
389 3849 456 3929 ipse
486 3867 547 3908 nou
572 3849 675 3928 potest
694 3849 810 3924 facere,
833 3849 906 3930 quin
925 3847 1081 3922 concedat,
1104 3847 1135 3908 in
1157 3847 1272 3926 linguis

167 3955 306 4035 cognatis
335 3974 374 4015 ne
402 3953 614 4016 tenuissimum
642 3952 763 4034 quidem
785 3951 952 4031 vestigium
973 3968 1125 4012 consonae
1147 3951 1271 4012 initialis

168 4057 311 4158 antiquae
322 4059 621 4120 exstare-coniert
631 4057 712 4118 enim
722 4059 805 4120 recte
816 4075 909 4119 voces
920 4055 1099 4117 Latinorum
1110 4065 1272 4134 mag-nus,

167 4157 390 4224 Germanorum
418 4162 567 4240 mich-el,
603 4161 712 4244 quibus
740 4163 817 4222 addo
847 4158 996 4222 Gotorum
1014 4178 1121 4220 vocem
1142 4151 1274 4220 mik-ils

168 4269 200 4327 et
220 4269 358 4328 nostram
379 4269 528 4346 ‚mogen‘‚
555 4285 633 4349 quae
663 4266 696 4327 in
718 4266 888 4347 antiquiore
910 4264 1016 4344 lingua
1037 4264 1086 4323 est
1104 4267 1275 4342 ,mag-an‘

169 4371 221 4431 vel
255 4373 432 4450 ‚mog-an‘
459 4369 589 4449 §Maoht
616 4371 722 4448 haben,
749 4371 930 4448 vermigen,
960 4366 1129 4446 ktnnen“).
1178 4365 1274 4430 Nulla
