3082 4936
226 885 274 945 De
288 883 417 944 Homeri
439 881 623 942 carminibus
646 881 799 962 quaesti0‚
823 897 901 960 quoe
923 877 1051 954 dicitur,
1074 878 1157 940 sFr.
1172 879 1254 964 Aug.

146 989 271 1066 Wolfio,
294 987 523 1068 philologorum
546 987 661 1048 saeculi
682 985 780 1046 nostri
801 1003 876 1045 sone
898 983 1051 1064 principe,
1074 985 1205 1065 primum
1223 988 1255 1048 in

147 1094 373 1176 prolegomenis
406 1093 468 1154 illie
498 1091 623 1173 inclytis
654 1090 813 1172 proposito
841 1089 911 1150 inde
939 1089 977 1149 ab
1006 1089 1164 1168 octogiuta
1191 1091 1254 1152 lere

144 1199 228 1261 aunis
253 1197 434 1278 saepissime
464 1215 500 1258 eo
523 1215 640 1258 summe
669 1215 737 1258 cum
760 1194 921 1273 diligentia
943 1193 1154 1276 singularique
1178 1197 1253 1258 assi·

143 1303 300 1363 duitotea
329 1302 406 1362 viris
438 1301 537 1362 doctis
567 1303 615 1362 est
646 1301 787 1361 tractata.
833 1299 904 1369 Qua
927 1315 1019 1378 opera
1042 1297 1168 1360 Homeri
1188 1319 1253 1362 cor·

141 1407 272 1468 minibus
297 1405 476 1484 largissime
499 1408 530 1467 et
553 1405 666 1487 optime
688 1405 803 1465 naveta
824 1405 1023 1478 factumest,
1048 1405 1083 1464 ut
1106 1403 1159 1464 ille
1181 1423 1253 1484 poe-

142 1531 210 1573 seos
255 1511 363 1591 epicae
415 1509 562 1586 frustula,
604 1509 711 1590 hymni
754 1507 912 1582 homerici,
958 1507 1009 1588 qui
1062 1509 1255 1588 antiquorum

141 1616 296 1676 hominum
315 1613 381 1692 jam
401 1617 538 1693 tempore
562 1614 618 1674 sub
634 1612 760 1673 Homeri
785 1611 905 1672 nomine
927 1611 1042 1690 insigni
1063 1611 1253 1692 ineptissime

140 1719 447 1793 circumferebantur,
491 1737 508 1778 e
538 1718 705 1780 carminum
740 1716 962 1778 homericorum
988 1715 1155 1790 consortio,
1194 1737 1252 1798 quo

138 1842 237 1903 pauca
259 1824 356 1904 digna
379 1825 466 1899 suut,
495 1823 633 1884 seiuncta
656 1841 692 1884 ec
716 1825 884 1902 segregata
906 1821 976 1882 sint.
1019 1821 1062 1881 At
1082 1821 1185 1882 nullus
1208 1822 1253 1882 in·

138 1931 311 2008 terprctum
331 1926 459 1988 Homeri
482 1928 640 1989 doctorum
662 1925 941 1988 Alexandrinorum
969 1925 1099 2006 hymnos
1130 1925 1253 2005 ingenio

139 2032 267 2093 Homeri
289 2032 415 2093 videtur
437 2032 595 2110 tribuisse,
630 2052 747 2114 „quum
769 2049 921 2112 nusquam
947 2031 978 2091 in
999 2033 1046 2091 tot
1069 2029 1193 2091 scholiis
1214 2030 1252 2090 ad

136 2137 267 2199 Iliadem
289 2140 321 2198 et
345 2135 518 2218 Odysseam
541 2137 708 2199 auctoritas
732 2138 915 2218 hymnorum
938 2133 1112 2211 afferretur,
1145 2153 1249 2217 quam-

138 2261 230 2323 quam
254 2243 321 2303 eius
345 2242 390 2302 rei
412 2243 556 2324 frequens
580 2243 698 2304 occasio
721 2241 858 2302 suisset.“
902 2241 939 2300 cf.
962 2239 1053 2301 Wolf
1071 2239 1191 2320 Proleg.
1215 2241 1254 2301 ad

137 2345 227 2406 Hom.
244 2365 290 2427 cp.
309 2346 344 2422 L,
360 2367 411 2427 pg.
429 2350 501 2422 266,
515 2349 575 2407 uot.
587 2349 643 2421 513
666 2347 702 2408 cf.
719 2344 860 2407 Schwalb
876 2345 915 2406 de
927 2345 1050 2426 hymnis
1065 2341 1254 2405 Graecorum

135 2451 248 2530 epicis,
290 2470 443 2532 program.
475 2451 560 2515 Clau.
591 2470 618 2512 a.
651 2453 749 2528 1852,
783 2469 834 2531 pg.
861 2454 917 2526 143
953 2450 990 2510 A.
1013 2445 1185 2511 Guttmauu
1214 2449 1252 2510 de

134 2555 320 2637 hymnorum
351 2555 495 2618 homerio.
533 2555 604 2617 hist.
635 2555 729 2616 critic.
752 2557 845 2635 partt.
867 2553 923 2628 IV,
952 2560 1043 2634 pg.1
1072 2574 1136 2634 sqq.
1183 2553 1253 2624 Qua

135 2661 286 2721 societate
317 2680 385 2721 cum
412 2659 546 2721 Homero
576 2660 683 2741 hymni
709 2660 865 2736 homerici,
897 2678 973 2741 quos
1004 2661 1129 2734 vocant,
1167 2658 1252 2719 nullo

133 2765 223 2824 modo
247 2767 312 2825 tam
336 2765 388 2826 diu
412 2767 518 2826 essent
548 2764 647 2841 fruiti,
677 2765 737 2826 nisi
758 2765 789 2825 in
810 2767 918 2826 umbra
940 2764 1028 2846 quasi
1049 2763 1252 2846 praestantis·

133 2870 279 2930 simorum
307 2870 474 2930 carminum
507 2869 657 2930 oblivione
688 2869 789 2930 obruti
818 2869 871 2930 diu
901 2887 956 2949 pro
987 2869 1103 2949 exigua
1131 2868 1253 2930 illorum

132 2975 305 3055 appendice
329 2977 434 3036 esseut
458 2974 562 3036 habiti.
606 2973 730 3036 Etenim
753 2975 859 3055 hymni
874 2993 1057 3060 quamquam
1071 2975 1103 3035 in
1118 2973 1251 3036 editione

132 3076 262 3139 Homeri
284 3079 438 3159 principe,
471 3098 548 3160 quae
570 3099 643 3140 cura
665 3078 814 3140 Demetrii
838 3078 1065 3159 Chaleondylae
1088 3075 1127 3162 (a.
1154 3074 1251 3162 1488)

131 3182 265 3260 prodiit,
301 3181 428 3244 Homeri
448 3183 549 3244 textui
576 3183 635 3244 iam
659 3183 812 3245 subiuncti
839 3187 923 3261 sunt,
952 3189 1056 3244 tamen
1077 3203 1133 3264 per
1156 3201 1252 3243 annos

131 3287 200 3347 sere
238 3289 361 3348 centum
399 3289 431 3348 et
463 3287 575 3367 viginti
612 3288 730 3349 nullum
767 3288 952 3350 invenerunt
993 3289 1156 3364 editorem,
1200 3290 1252 3369 qui

130 3409 230 3452 manu
252 3391 457 3454 emendatrice
480 3392 616 3454 adhibita
640 3393 752 3454 multas
773 3412 878 3455 eorum
902 3395 987 3455 labes
1017 3393 1186 3472 corrigeret
1209 3427 1249 3434 -—

130 3514 206 3555 nam
237 3494 388 3556 editiones
418 3494 550 3557 Aldinae
584 3493 766 3559 Gifaniauae
786 3497 983 3558 Basileenses
1014 3497 1250 3560 Francofnrten-

132 3618 187 3660 ses
216 3618 273 3660 nec
311 3618 372 3661 non
401 3599 526 3661 Henrici
544 3599 704 3682 'Stephani
732 3596 772 3686 (a.
797 3603 880 3663 1566
904 3604 936 3663 et
959 3598 1058 3686 1588)
1078 3605 1151 3663 sunt
1180 3621 1250 3683 pro·

131 3707 269 3782 pagatae
294 3723 334 3764 ex
355 3703 526 3784 exemplari
542 3704 786 3788 Chalcondylae,
810 3727 899 3788 quem
921 3725 981 3768 uno
1003 3707 1107 3769 codice
1123 3707 1249 3768 Floren-

130 3807 199 3867 tino
228 3828 319 3869 usum
349 3828 420 3871 esee
449 3810 578 3870 constat.
639 3811 760 3890 Viginti
787 3811 851 3872 fere
881 3812 969 3873 aunis
1000 3815 1071 3892 post
1102 3809 1250 3892 Stephani

132 3899 299 3973 editionem
328 3915 456 3976 alteram
482 3913 659 3975 Bernardus
689 3915 843 3978 Martinus
875 3913 915 4000 (a.
956 3913 1054 4001 1605)
1089 3916 1249 3977 nonnullos

133 4016 217 4077 locos
255 4023 416 4098 corruptos
452 4019 642 4094 emendavit,
680 4039 770 4101 quem
807 4023 905 4102 spatio
938 4022 1053 4082 saeculi
1092 4021 1249 4082 interiecto
1327 4099 1331 4106 ι

133 4127 323 4202 exceperunt
360 4122 454 4184 Iosua
490 4123 657 4185 Barnesius
695 4128 727 4186 et
756 4125 910 4187 Iohannes
954 4125 1127 4186 Piersonus.
1172 4124 1250 4187 Tum

135 4227 260 4287 tandem
281 4227 402 4288 exstitit
422 4230 480 4304 vir,
502 4229 604 4291 David
624 4229 836 4306 Ruhnkeniue‚
860 4231 910 4312 qui
934 4229 1065 4311 epistola
1085 4231 1190 4292 critica
1211 4231 1248 4290 ad

133 4329 374 4393 Valckenarium
397 4334 469 4394 data
493 4337 531 4414 (a.
550 4337 647 4412 1749)
667 4339 698 4395 et
721 4335 840 4396 collatis
857 4336 976 4396 duobus
992 4336 1148 4397 codicibus
1163 4336 1246 4396 Pari-

178 4450 297 4503 unrere,
317 4453 490 4505 prolegomena.
1054 4448 1070 4503 1
