3082 4936
648 351 692 362 ....
729 318 861 377 ''19:-

203 510 272 568 rent
278 507 340 568 nisi
346 507 519 568 aliorursus
535 507 668 568 carmine
675 507 852 586 promisso‘
876 505 960 586 Apta
972 507 1068 585 igitur
1079 510 1128 566 θεῖ
1140 489 1313 567 huiusmodi

204 611 342 673 clausula
365 611 491 671 carmini
513 611 604 672 alicui
627 611 721 692 epioo,
744 630 806 670 non
827 615 928 672 autem
950 612 1112 690 prooemio,
1135 615 1226 692 atque
1242 616 1314 692 apta

204 715 263 775 fuit
283 715 397 794 hymno
418 719 531 792 nostro,
554 715 604 774 oui
626 734 699 774 vero
720 719 830 774 natura
852 714 965 793 ipsius,
989 715 1087 792 qualis
1109 735 1218 777 revera
1237 722 1312 794 erat,

204 822 313 898 postea
334 819 486 897 neglecta,
507 838 598 898 quum
614 819 747 898 hymnus
762 819 836 898 ipse,
846 837 900 897 pro
915 820 1067 898 prooemio
1083 823 1168 881 esset
1180 821 1312 896 habitus,

206 922 298 983 affixa
320 926 370 983 est
390 923 527 983 clausula
556 924 639 983 ven's
664 923 826 1002 prooemiis
842 923 972 1002 propria.
1017 921 1083 984 Neo
1106 925 1313 986 necessarium

207 1028 255 1087 est
275 1047 342 1087 oum
357 1026 550 1090 Windischio
570 1045 662 1104 quum
674 1045 778 1087 omnes
799 1027 928 1106 hymnos
950 1029 1016 1087 tum
1034 1045 1156 1088 carmen
1177 1033 1314 1090 nostrum

204 1132 312 1210 putare
327 1150 382 1210 pro
396 1131 537 1191 frustulis
553 1149 681 1212 poeseos
696 1131 866 1191 homericae
882 1130 1012 1208 exiguis,
1032 1149 1108 1212 quae
1123 1132 1221 1193 veluti
1237 1133 1313 1197 Cen-

206 1237 295 1295 tones
317 1234 484 1296 homerici1
507 1216 545 1294 de
568 1235 751 1296 carminibus
774 1234 934 1295 homericis
956 1235 1079 1294 sumunt
1099 1255 1210 1297 versus
1225 1257 1314 1316 quos-

207 1337 277 1398 dam
304 1338 355 1398 vel
382 1357 527 1399 versuum
557 1338 738 1417 particulas,
775 1339 811 1397 ut
839 1357 952 1398 novum
988 1338 1059 1398 inde
1094 1356 1217 1401 carmen
1245 1360 1314 1402 con-

208 1441 364 1503 sauciatur.
388 1477 429 1486 -

294 1543 357 1606 Sed
378 1545 455 1605 haec
482 1545 644 1606 hactenus!
689 1543 828 1623 Namque
857 1548 893 1604 nt
925 1563 1070 1606 summam
1101 1546 1316 1626 disputationis

206 1651 331 1709 nostrae
345 1649 537 1729 paucissimis
552 1651 698 1730 repetam,
722 1652 796 1729 puto
810 1649 946 1728 hymni
967 1650 1099 1711 nostri
1113 1668 1315 1728 argumen-

206 1754 285 1814 tum
301 1753 438 1814 deberi
452 1754 620 1829 fabulis,
643 1771 743 1833 quae
763 1752 1164 1814 interTroianosvel
1186 1773 1316 1816 eorum

206 1855 763 1936 reliquiasinAsiamoratos
786 1857 1028 1936 divulgatae
1049 1859 1175 1918 fuere.
1205 1857 1314 1921 Unde

206 1961 436 2041 rhapsodus
459 1961 616 2040 quidam
638 1961 814 2021 fabulam
843 1962 1024 2022 fortasse
1044 1959 1315 2040 Gergithibus

209 2065 248 2124 in
270 2084 369 2145 agro
385 2065 557 2129 cumano
581 2065 677 2126 sitis
699 2067 875 2126 auditam
898 2066 937 2125 in
959 2067 1316 2129 formamoarminis

209 2169 309 2230 iusti
344 2169 450 2248 epici
483 2169 651 2248 redegit.
702 2168 752 2230 Sic
783 2169 888 2250 hymni
919 2173 950 2230 et
978 2171 1099 2231 fabulae
1137 2173 1169 2232 θῖ
1197 2171 1319 2232 dicendi

210 2274 331 2352 generi,
354 2274 435 2352 quod
454 2275 503 2334 est
525 2274 664 2349 ionicum,
685 2273 898 2334 satisfecimus.

298 2377 357 2438 His
386 2378 478 2438 rebus
504 2377 682 2458 praemissis
712 2380 824 2453 restat,
845 2380 881 2438 ut
899 2377 938 2437 de
961 2379 1081 2452 aetate,
1104 2395 1163 2458 qua
1184 2379 1317 2458 hymnus

212 2483 298 2542 ortus
321 2501 391 2542 esse
409 2482 560 2556 videatur,
581 2481 717 2542 breviter
740 2481 934 2542 disseramus.

299 2584 402 2654 Quum
428 2604 501 2646 vero
529 2585 705 2647 testimonia
736 2589 874 2646 veterum
900 2585 957 2646 hac
978 2585 1011 2645 in
1033 2605 1066 2644 re
1088 2585 1176 2646 nobis
1198 2587 1318 2646 omnino

213 2686 331 2763 desint,
363 2689 395 2748 in
416 2689 563 2769 principio
587 2694 635 2750 est
657 2688 875 2764 confitendum,
898 2698 1035 2769 tempus,
1059 2689 1108 2750 cui
1127 2689 1259 2769 hymnus
1278 2691 1320 2751 sit

213 2792 402 2868 tribuendus,
424 2793 479 2853 vix
501 2793 594 2854 certis
617 2793 729 2854 finibus
752 2793 957 2854 circumscribi
979 2812 1078 2872 posse.
1124 2790 1202 2854 Sunt
1218 2796 1319 2854 autem

213 2896 378 2958 nonnullae
397 2916 456 2973 res,
472 2897 581 2976 quibus
597 2897 738 2978 opinione
752 2916 813 2957 non
828 2897 872 2958 ita
887 2897 977 2958 devia
991 2897 1168 2958 imbuamur.
1197 2896 1320 2958 Etenim

214 3001 249 3060 ut
268 3019 313 3076 ea,
335 3017 412 3079 quae
427 3001 467 3060 ad
480 3001 575 3061 verba
590 3003 738 3080 spectant,
761 3001 1000 3081 praemittamus,
1022 3019 1166 3062 mensura
1181 3001 1318 3086 syllabae

213 3104 323 3183 prioris
343 3105 429 3166 vocis
451 3099 547 3178 καλὸς
567 3106 705 3185 exceptis
730 3107 847 3166 duobus
874 3105 949 3166 locis
978 3102 1111 3183 longa&
1140 3121 1217 3184 quae
1240 3105 1320 3184 apud

214 3207 378 3268 Homerum
401 3209 507 3271 eadem
530 3213 580 3270 est
601 3210 768 3289 producta,
792 3229 882 3289 quum
905 3209 1083 3302 posteriore·
1097 3211 1234 3289 tempore
1256 3228 1322 3270 eor-

214 3313 302 3390 repta
315 3311 363 3388 sit,
385 3312 529 3392 hymnum
545 3333 606 3374 non
628 3313 724 3374 multo
739 3315 810 3393 post
830 3313 964 3374 earmina
978 3312 1129 3373 homerica
1150 3331 1220 3372 esse
1243 3331 1320 3373 oum-

212 3415 346 3494 positum
368 3416 601 3479 demonstratur.
646 3416 775 3479 Accedit
789 3416 870 3498 qnod
890 3417 922 3476 in
944 3417 1116 3494 fragmento
1132 3415 1322 3496 Cypriorum,

213 3520 294 3597 quod
315 3523 419 3582 exstat
439 3522 519 3602 apud
541 3520 764 3597 Athenaeum³‚
787 3522 872 3583 uocis
895 3514 991 3594 καλὸς
1014 3520 1133 3600 syllaba
1154 3519 1322 3601 penultima

213 3635 263 3683 est
284 3625 447 3705 producta:

401 3761 448 3804 ,-
470 3719 570 3790 duest
587 3725 684 3811 καλῷ
705 3730 737 3789 θῖ
758 3723 864 3805 ,καλὸν
886 3714 1052 3790 ἀείδουσαι
1072 3730 1133 3788 —.‘

216 3829 358 3892 Ceterum
379 3833 436 3894 hoc
450 3833 517 3914 ipso
534 3832 714 3913 Cypriorum
732 3833 912 3913 fragmento,
935 3852 994 3911 quo
1017 3833 1173 3894 exornatio
1188 3830 1319 3894 Veneris

286 4114 312 4182 l)
330 4113 488 4186 Bernhardy
506 4112 612 4171 Grieeh.
630 4112 696 4170 Litt.
713 4113 787 4180 11³‚1
807 4132 852 4185 pg.
865 4117 924 4172 457.

283 4202 311 4270 2)
330 4201 363 4254 cf.
381 4217 447 4256 com.
465 4206 549 4257 nostr.
567 4219 614 4272 pg.
633 4203 668 4258 26
687 4217 727 4271 rq.

284 4286 312 4354 3)
330 4286 349 4339 l.
367 4286 417 4340 XV
434 4304 474 4357 cp.
487 4291 521 4344 30
537 4289 622 4344 Sohw.
654 4317 686 4328 -
710 4286 744 4341 ef.
769 4285 936 4342 Henrieheen
963 4285 996 4343 de
1022 4288 1186 4344 carminibus
1199 4291 1319 4362 'Cypriis

213 4375 353 4428 comment
374 4373 409 4445 (a.
419 4375 499 4445 1828)
518 4392 564 4445 pg.
576 4379 624 4441 63;
642 4374 776 4431 Welckor.
793 4373 842 4443 Ep.
864 4374 938 4443 Cyel.
954 4375 984 4428 H
1002 4392 1047 4444 pg.
1062 4375 1121 4430 510.
