3082 4936
593 303 809 363 -53-

143 493 196 557 ille
219 489 402 564 Lucianum,
431 489 484 570 qui
512 487 610 550 fusius
637 489 675 550 de
706 489 764 550 hac
793 508 827 548 re
855 489 887 549 in
913 491 989 551 libro
1018 511 1072 551 suo
1101 491 1164 566 ,Dc
1194 491 1252 553 dea

142 589 254 678 'Syna‘
275 594 420 674 disputat.
464 593 555 663 Quod
576 582 612 653 ut
633 592 806 654 confirmem
828 593 940 655 sufficit
962 596 1134 657 nominasse
1155 596 1252 658 Deam

143 701 293 780 Magnam
319 697 476 778 Hieropoli
506 698 619 758 cultam
630 699 652 774 ¹,
679 697 843 773 Astarten,
873 697 961 759 deam
989 699 1194 762 Phoenicum²
1221 709 1252 762 et

145 801 372 885 Assyxiomm³
392 797 485 887 (quae
508 803 615 864 abhis
638 800 776 865 Urania⁴
798 822 918 885 quoque
940 803 1021 864 dicta
1043 802 1114 889 est),
1134 805 1251 866 Derke·

146 911 250 971 tonem
271 907 365 988 piscis
381 905 486 982 cauda,
510 906 590 987 quod
612 909 660 967 est
673 906 798 997 ¹pignum
821 907 997 984 fertilitatis,
1020 915 1155 970 notatam
1169 908 1251 989 apud

148 1013 333 1092 Babylonios
346 1009 367 1088 ⁶,
409 1011 538 1092 denique
565 1011 634 1071 illas
665 1011 755 1088 deas,
793 1030 869 1094 quas
893 1011 1092 1074 Ηοιοιίοῖοο6
1123 1033 1249 1074 comme-

148 1120 260 1193 morat,
284 1135 392 1198 quum:
421 1109 571 1176 καλέουσι
594 1109 646 1192 δὲ,
669 1115 783 1196 inquit,
798 1106 966 1198 Ἀσσύριοι
987 1111 1042 1200 τὴν
1058 1104 1251 1202 Ἀφροδίτην

146 1213 317 1297 Μύλιττα,
345 1209 500 1302 Ἀροῖβιοι
528 1211 563 1280 δὲ
585 1210 734 1296 mcccc,
757 1213 884 1301 Πέρσαι
907 1214 943 1282 δὲ
964 1212 1105 1301 Μίτραν.
1148 1219 1251 1302 Atque

145 1326 257 1388 eadem
278 1325 335 1386 dea
355 1344 410 1386 seu
430 1327 527 1385 mator
548 1324 674 1384 deorum
697 1344 752 1384 seu
773 1343 887 1404 magna
909 1323 967 1384 dea
993 1325 1075 1386 culta
1098 1338 1146 1386 est
1170 1326 1251 1405 apud

145 1430 291 1510 Phryges
311 1449 366 1490 nee
388 1448 449 1489 non
480 1429 561 1509 apud
583 1428 688 1509 Lydos
719 1431 776 1491 sub
802 1429 922 1490 nomine
945 1429 1076 1513 Cybeles
1104 1429 1155 1490 vel
1177 1430 1250 1491 Din-

153 1535 301 1614 dymenes
323 1534 430 1594 matris
453 1533 503 1594 vel
526 1531 668 1612 Agdistis
682 1531 702 1594 ⁷.
746 1531 788 1594 Et
807 1533 888 1613 apud
913 1533 1061 1594 Troianos
1087 1535 1120 1594 in
1144 1535 1251 1595 eodem

149 1639 262 1700 honore
284 1638 341 1698 fuit
361 1639 460 1698 mater
479 1635 581 1713 Idaea,
605 1638 643 1698 de
666 1639 828 1720 quainter
850 1639 926 1700 alios
951 1639 1064 1700 multos
1086 1639 1183 1700 multa
1206 1642 1251 1700 at-

146 1743 284 1804 tulerunt
294 1741 520 1803 Klausenius-
532 1741 618 1802 cuius
641 1742 718 1803 libro
730 1743 855 1804 laudato
867 1743 899 1803 in
919 1743 976 1804 hac
999 1744 1251 1804 commentatione

145 1846 525 1927 componendaplurimum
539 1847 692 1921 debeo—,
706 1844 865 1924 Engelius‚
881 1844 1082 1923 Gcrhardiua
1095 1846 1251 1908 Prellerus

145 1951 242 2026 iniis,
264 1969 341 2033 quos
356 1950 417 2011 iam
428 1951 460 2010 in
472 1949 719 2012 adnotationibus
732 1952 972 2026 commemoravi,
995 1951 1090 2026 libris,
1113 1951 1151 2012 ad
1174 1970 1250 2032 quos

145 2057 280 2117 lectores
303 2055 394 2116 liceat
417 2055 550 2116 reiicere.
583 2055 671 2125 Quae
693 2073 767 2116 vero
789 2055 913 2117 numina
936 2073 1040 2116 omnes
1067 2054 1151 2131 deae,
1175 2074 1251 2136 quas

144 2159 384 2234 nominavimnS‚
416 2159 499 2239 apud
519 2159 648 2239 populos
671 2159 810 2239 singulos
832 2162 943 2239 postea
974 2160 1163 2239 acceperint,
1194 2178 1250 2239 pro

142 2267 251 2326 nostra
271 2263 450 2344 quaestione
473 2262 590 2323 nullum
611 2262 704 2324 habet
724 2265 919 2329 momentum.

236 2367 299 2429 Sed
321 2367 360 2428 de
382 2365 477 2428 Idaea
498 2367 618 2448 quidem
638 2368 703 2443 dea,
728 2368 755 2428 si
777 2370 918 2429 naturam
938 2369 1004 2429 eius
1032 2368 1110 2429 bene
1132 2367 1250 2448 perspi·

148 2493 218 2536 cere
228 2473 378 2547 volumus,
395 2474 499 2533 exstat
510 2473 615 2533 statim
626 2473 764 2553 quaestio
777 2472 874 2534 altera
889 2491 986 2554 eaque
996 2471 1155 2533 difficilior.
1177 2471 1250 2532 Ete-

149 2578 211 2639 nim
232 2578 269 2638 ab
301 2576 358 2638 hac
388 2575 445 2636 dea
475 2576 641 2656 simplicem
670 2576 756 2637 illum
783 2577 1001 2649 characterem,
1036 2595 1095 2657 quo
1124 2579 1252 2637 naturae

150 2697 269 2744 summa
286 2679 467 2759 procreandi
488 2681 537 2740 vis
561 2681 738 2755 notabatur,
768 2699 829 2740 non
852 2682 1008 2742 saluatum
1029 2699 1099 2740 esse
1123 2683 1252 2740 constat.

148 2785 258 2868 Neque
277 2785 388 2846 mirum
406 2785 438 2844 id
461 2788 519 2859 est,
538 2784 680 2866 quoniam
702 2785 808 2865 populi
829 2784 926 2860 illius,
956 2785 1038 2865 apud
1059 2804 1149 2866 quem
1171 2803 1251 2844 sum-

222 3024 247 3092 1)
265 3023 358 3078 Mauso
377 3023 395 3076 l.
414 3023 433 3076 l.
452 3039 497 3092 pg.
518 3025 551 3079 18
569 3039 626 3091 sqq.

220 3127 247 3196 2)
266 3126 386 3184 Gerhard
398 3128 417 3180 l.
430 3127 448 3181 1.
462 3127 485 3195 ξ.
501 3128 560 3194 218,
581 3128 613 3180 10
626 3142 648 3191 ο;
665 3127 718 3181 358
730 3129 746 3182 2
759 3126 791 3190 d;
809 3127 869 3189 370,
888 3126 904 3179 3
916 3125 949 3188 b;
968 3126 1028 3188 415,
1042 3125 1067 3179 6.
1085 3122 1188 3177 Preller
1200 3121 1219 3176 1.
1231 3121 1250 3175 l.

148 3213 185 3278 Η,
204 3229 268 3285 pgg.
281 3216 324 3269 44.
345 3214 403 3268 116.
422 3213 456 3268 II.
474 3214 541 3283 Reg.
554 3213 653 3278 XXIII,
674 3213 719 3268 13:
761 3227 766 3235 ·

531 3311 638 3384 nujus
655 3307 730 3397 ppp‘
753 3301 881 3395 aplius}

147 3407 182 3461 ef.
201 3409 355 3476 praeterea:
381 3407 430 3460 Die
451 3405 620 3462 Grabschrift
638 3406 684 3460 des
702 3403 914 3469 llschmunazar‚
932 3403 1068 3457 tibersetzt
1085 3402 1140 3456 und
1159 3399 1252 3470 analy-

147 3493 199 3547 sirt
218 3510 269 3547 von
280 3493 409 3546 Heinrich
417 3493 446 3545 M
448 3509 525 3547 osner
542 3511 587 3562 pg.
606 3496 636 3548 5:
654 3493 775 3561 inscript.
795 3491 889 3546 versic.
909 3493 950 3545 14.
971 3491 1069 3553 15.18;
1090 3487 1251 3542 (18οο1010-

147 3596 242 3634 mann:
260 3579 311 3634 Die
331 3579 501 3649 Siegessaule
516 3579 624 3644 Mesae,
642 3579 747 3648 Konigs
764 3579 810 3633 der
828 3579 959 3634 Moabiter
977 3577 1077 3646 (Helle,
1097 3575 1184 3642 1870),
1205 3591 1250 3643 pg.
1295 3640 1299 3646 ι

147 3668 183 3722 43
204 3683 245 3736 sq.
259 3699 293 3706 -
309 3666 429 3736 inscript.
442 3667 565 3721 versicul.
586 3668 625 3722 17.

219 3770 247 3840 3)
266 3770 387 3826 Gerhard
404 3771 422 3825 1.
435 3771 454 3826 1.
474 3772 498 3840 ᾖ.
514 3772 573 3828 218.
592 3772 651 3826 106.

219 3856 247 3926 4)
267 3857 343 3924 Quod
362 3857 459 3928 collegi
476 3875 507 3912 cx
531 3857 662 3913 Gerhardi
687 3857 705 3911 l.
724 3858 743 3910 l.
761 3858 784 3926 ξ.
808 3857 867 3913 318.
888 3858 920 3910 10
933 3871 959 3920 ο;
985 3855 1105 3908 Kreuzar
1121 3851 1171 3906 ΠΙ.
1193 3851 1251 3905 219.

223 4031 250 4098 5)
269 4029 390 4085 Gerhard
411 4032 466 4086 1.1.
486 4033 510 4101 g.
529 4033 597 4086 1001
617 4031 697 4086 Τ5ο.

222 4117 250 4187 6)
268 4117 291 4181 Ι,
312 4118 361 4171 131
380 4148 413 4158 -
433 4120 506 4174 locus
527 4117 641 4172 ostiam
659 4134 675 4171 a
693 4116 821 4170 Mausone
840 4114 974 4169 laudatus.

222 4206 248 4274 1)
267 4193 389 4257 Gcrhard
407 4206 424 4261 l.
437 4208 456 4261 1.
476 4207 500 4274 ς.
520 4204 803 4270 146;Preller1.l.1‚
822 4220 867 4272 pg.
887 4203 947 4257 504.
963 4202 1033 4262 .594;
1053 4199 1183 4260 Klausen,
1202 4194 1253 4250 Ae·

151 4307 216 4347 neas
231 4307 257 4344 u.
278 4291 321 4344 die
340 4290 459 4346 Penateu
475 4293 489 4348 I
508 4294 543 4363 (a.
564 4293 652 4360 1839),
675 4307 720 4361 pg.
738 4291 772 4345 23
792 4305 862 4360 sqq.;
887 4287 974 4356 Engel
990 4287 1098 4356 Kypros
1121 4284 1157 4352 (a.
1174 4282 1253 4363 1841)

150 4377 187 4442 Il,
206 4395 252 4448 pg.
274 4379 314 4433 16.
