<?xml version="1.0" encoding="UTF-8"?>
<!DOCTYPE html PUBLIC "-//W3C//DTD XHTML 1.0 Transitional//EN"
    "http://www.w3.org/TR/xhtml1/DTD/xhtml1-transitional.dtd">
<html xmlns="http://www.w3.org/1999/xhtml" xml:lang="en" lang="en">
 <head>
  <title>
</title>
<meta http-equiv="Content-Type" content="text/html;charset=utf-8" />
  <meta name='ocr-system' content='tesseract 3.04.00' />
  <meta name='ocr-capabilities' content='ocr_page ocr_carea ocr_par ocr_line ocrx_word'/>
</head>
<body>
  <div class='ocr_page' id='page_1' title='image "./prolegomenaadhy01thiegoog_0045.png"; bbox 0 0 3082 4936; ppageno 0'>
   <div class='ocr_carea' id='block_1_1' title="bbox 762 296 978 354">
    <p class='ocr_par' dir='ltr' id='par_1_1' title="bbox 762 296 978 354">
     <span class='ocr_line' id='line_1_1' title="bbox 762 296 978 354; baseline 0 -18"><span class='ocrx_word' id='word_1_1' title='bbox 762 296 978 354; x_wconf 75' lang='lat' dir='ltr'>..3ss-</span> 
     </span>
    </p>
   </div>
   <div class='ocr_carea' id='block_1_2' title="bbox 226 480 1512 2123">
    <p class='ocr_par' dir='ltr' id='par_1_2' title="bbox 316 480 1429 1062">
     <span class='ocr_line' id='line_1_2' title="bbox 322 480 1425 561; baseline 0 -19"><span class='ocrx_word' id='word_1_2' title='bbox 322 480 422 542; x_wconf 89' lang='lat' dir='ltr'><strong>finalis</strong></span> <span class='ocrx_word' id='word_1_3' title='bbox 441 480 560 557; x_wconf 85' lang='lat' dir='ltr'><strong>brevis,</strong></span> <span class='ocrx_word' id='word_1_4' title='bbox 594 481 653 542; x_wconf 85' lang='lat' dir='ltr'><strong>etsi</strong></span> <span class='ocrx_word' id='word_1_5' title='bbox 675 480 706 541; x_wconf 92' lang='lat' dir='ltr'><strong>in</strong></span> <span class='ocrx_word' id='word_1_6' title='bbox 729 500 822 542; x_wconf 88' lang='lat' dir='ltr'><strong>unam</strong></span> <span class='ocrx_word' id='word_1_7' title='bbox 844 481 956 543; x_wconf 88' lang='lat' dir='ltr'><strong>desinit</strong></span> <span class='ocrx_word' id='word_1_8' title='bbox 978 499 1158 556; x_wconf 88' lang='lat' dir='ltr'><strong>consonam,</strong></span> <span class='ocrx_word' id='word_1_9' title='bbox 1185 481 1365 561; x_wconf 78' lang='lat' dir='ltr'>producitur</span> <span class='ocrx_word' id='word_1_10' title='bbox 1390 517 1425 524; x_wconf 94' lang='lat'>-</span> 
     </span>
     <span class='ocr_line' id='line_1_3' title="bbox 320 575 1428 668; baseline -0.001 -23"><span class='ocrx_word' id='word_1_11' title='bbox 320 585 364 646; x_wconf 89' lang='lat' dir='ltr'><strong>sio</strong></span> <span class='ocrx_word' id='word_1_12' title='bbox 392 585 523 666; x_wconf 87' lang='lat' dir='ltr'><strong>legimus</strong></span> <span class='ocrx_word' id='word_1_13' title='bbox 551 585 582 644; x_wconf 90' lang='lat' dir='ltr'><strong>in</strong></span> <span class='ocrx_word' id='word_1_14' title='bbox 611 585 716 665; x_wconf 90' lang='lat' dir='ltr'><strong>hymni</strong></span> <span class='ocrx_word' id='word_1_15' title='bbox 738 605 767 645; x_wconf 88' lang='lat' dir='ltr'><strong>v.</strong></span> <span class='ocrx_word' id='word_1_16' title='bbox 792 589 809 645; x_wconf 89' lang='grc'>9</span> <span class='ocrx_word' id='word_1_17' title='bbox 841 577 878 646; x_wconf 82' lang='grc' dir='ltr'><strong>οὗ</strong></span> <span class='ocrx_word' id='word_1_18' title='bbox 901 575 962 667; x_wconf 83' lang='grc' dir='ltr'><strong>γάρ</strong></span> <span class='ocrx_word' id='word_1_19' title='bbox 982 577 1025 662; x_wconf 84' lang='lat' dir='ltr'><strong>oi,</strong></span> <span class='ocrx_word' id='word_1_20' title='bbox 1051 605 1082 646; x_wconf 79' lang='lat' dir='ltr'><strong>v,</strong></span> <span class='ocrx_word' id='word_1_21' title='bbox 1099 590 1160 648; x_wconf 88' lang='lat'><strong>139</strong></span> <span class='ocrx_word' id='word_1_22' title='bbox 1189 577 1260 660; x_wconf 79' lang='grc' dir='ltr'><strong><em>ἅλις</em></strong></span> <span class='ocrx_word' id='word_1_23' title='bbox 1290 578 1428 668; x_wconf 68' lang='grc' dir='ltr'><em>ἐσθῆτα,</em></span> 
     </span>
     <span class='ocr_line' id='line_1_4' title="bbox 316 678 1429 770; baseline 0.002 -22"><span class='ocrx_word' id='word_1_24' title='bbox 316 708 346 749; x_wconf 89' lang='lat' dir='ltr'><strong>v.</strong></span> <span class='ocrx_word' id='word_1_25' title='bbox 370 693 431 750; x_wconf 78' lang='grc'><strong>162</strong></span> <span class='ocrx_word' id='word_1_26' title='bbox 455 679 577 767; x_wconf 88' lang='grc' dir='ltr'><em>κόσμον</em></span> <span class='ocrx_word' id='word_1_27' title='bbox 599 682 658 767; x_wconf 81' lang='grc' dir='ltr'><strong>μέν</strong></span> <span class='ocrx_word' id='word_1_28' title='bbox 678 679 718 765; x_wconf 85' lang='lat' dir='ltr'><strong>oi,</strong></span> <span class='ocrx_word' id='word_1_29' title='bbox 741 708 771 749; x_wconf 87' lang='lat' dir='ltr'><strong>v.</strong></span> <span class='ocrx_word' id='word_1_30' title='bbox 788 691 849 750; x_wconf 89' lang='grc'><strong>184</strong></span> <span class='ocrx_word' id='word_1_31' title='bbox 872 678 1061 768; x_wconf 80' lang='grc' dir='ltr'><strong><em>λισσόμενος</em></strong></span> <span class='ocrx_word' id='word_1_32' title='bbox 1075 680 1159 752; x_wconf 77' lang='grc' dir='ltr'><em>ἔπεα</em></span> <span class='ocrx_word' id='word_1_33' title='bbox 1179 723 1221 734; x_wconf 86' lang='grc'>-</span> <span class='ocrx_word' id='word_1_34' title='bbox 1244 707 1429 770; x_wconf 88' lang='lat' dir='ltr'><strong>quamquam</strong></span> 
     </span>
     <span class='ocr_line' id='line_1_5' title="bbox 317 791 1428 873; baseline 0 -19"><span class='ocrx_word' id='word_1_35' title='bbox 317 813 378 854; x_wconf 91' lang='lat' dir='ltr'><strong>non</strong></span> <span class='ocrx_word' id='word_1_36' title='bbox 407 793 532 872; x_wconf 81' lang='lat' dir='ltr'><strong>ignoro,</strong></span> <span class='ocrx_word' id='word_1_37' title='bbox 565 793 660 873; x_wconf 89' lang='lat' dir='ltr'><strong>primo</strong></span> <span class='ocrx_word' id='word_1_38' title='bbox 690 794 811 854; x_wconf 90' lang='lat' dir='ltr'><strong>tantum</strong></span> <span class='ocrx_word' id='word_1_39' title='bbox 837 791 977 872; x_wconf 87' lang='lat' dir='ltr'><strong>exemplo</strong></span> <span class='ocrx_word' id='word_1_40' title='bbox 1007 811 1071 856; x_wconf 89' lang='lat' dir='ltr'><strong>rem</strong></span> <span class='ocrx_word' id='word_1_41' title='bbox 1092 796 1182 854; x_wconf 86' lang='lat' dir='ltr'><strong>extra</strong></span> <span class='ocrx_word' id='word_1_42' title='bbox 1204 793 1428 854; x_wconf 71' lang='lat' dir='ltr'><strong>dubitationem</strong></span> 
     </span>
     <span class='ocr_line' id='line_1_6' title="bbox 317 895 1426 978; baseline 0 -20"><span class='ocrx_word' id='word_1_43' title='bbox 317 897 405 978; x_wconf 88' lang='lat' dir='ltr'><strong>poni,</strong></span> <span class='ocrx_word' id='word_1_44' title='bbox 429 917 522 978; x_wconf 91' lang='lat' dir='ltr'><strong>quum</strong></span> <span class='ocrx_word' id='word_1_45' title='bbox 541 897 700 976; x_wconf 87' lang='lat' dir='ltr'><strong>productio</strong></span> <span class='ocrx_word' id='word_1_46' title='bbox 723 897 754 957; x_wconf 89' lang='lat' dir='ltr'><strong>in</strong></span> <span class='ocrx_word' id='word_1_47' title='bbox 776 897 856 958; x_wconf 87' lang='lat' dir='ltr'><strong>thesi</strong></span> <span class='ocrx_word' id='word_1_48' title='bbox 876 895 940 973; x_wconf 85' lang='lat' dir='ltr'><strong>fiat,</strong></span> <span class='ocrx_word' id='word_1_49' title='bbox 962 897 993 956; x_wconf 90' lang='lat' dir='ltr'><strong>in</strong></span> <span class='ocrx_word' id='word_1_50' title='bbox 1015 896 1084 957; x_wconf 89' lang='lat' dir='ltr'><strong>aliis</strong></span> <span class='ocrx_word' id='word_1_51' title='bbox 1108 896 1211 977; x_wconf 88' lang='lat' dir='ltr'><strong>possis</strong></span> <span class='ocrx_word' id='word_1_52' title='bbox 1232 895 1333 958; x_wconf 79' lang='lat' dir='ltr'><strong>dicere</strong></span> <span class='ocrx_word' id='word_1_53' title='bbox 1355 917 1426 978; x_wconf 93' lang='lat' dir='ltr'><strong>prc-</strong></span> 
     </span>
     <span class='ocr_line' id='line_1_7' title="bbox 317 997 1284 1062; baseline -0.003 0"><span class='ocrx_word' id='word_1_54' title='bbox 317 1001 476 1062; x_wconf 78' lang='lat' dir='ltr'><strong>ductiones</strong></span> <span class='ocrx_word' id='word_1_55' title='bbox 499 1001 578 1061; x_wconf 88' lang='lat' dir='ltr'><strong>arsis</strong></span> <span class='ocrx_word' id='word_1_56' title='bbox 600 1001 632 1061; x_wconf 84' lang='lat' dir='ltr'><strong>vi</strong></span> <span class='ocrx_word' id='word_1_57' title='bbox 653 1021 723 1061; x_wconf 85' lang='lat' dir='ltr'><strong>esse</strong></span> <span class='ocrx_word' id='word_1_58' title='bbox 744 1001 851 1061; x_wconf 88' lang='lat' dir='ltr'><strong>factas.</strong></span> <span class='ocrx_word' id='word_1_59' title='bbox 1281 997 1284 1004; x_wconf 87' lang='lat'>&#39;</span> 
     </span>
    </p>

    <p class='ocr_par' dir='ltr' id='par_1_3' title="bbox 226 1103 1512 2123">
     <span class='ocr_line' id='line_1_8' title="bbox 404 1103 1427 1184; baseline 0.003 -19"><span class='ocrx_word' id='word_1_60' title='bbox 404 1104 449 1183; x_wconf 90' lang='lat' dir='ltr'><strong>II)</strong></span> <span class='ocrx_word' id='word_1_61' title='bbox 471 1103 613 1166; x_wconf 80' lang='lat' dir='ltr'><strong>Alterum</strong></span> <span class='ocrx_word' id='word_1_62' title='bbox 640 1104 785 1184; x_wconf 84' lang='lat' dir='ltr'><strong>digammi</strong></span> <span class='ocrx_word' id='word_1_63' title='bbox 816 1105 937 1183; x_wconf 80' lang='lat' dir='ltr'><strong>signum</strong></span> <span class='ocrx_word' id='word_1_64' title='bbox 959 1107 1008 1164; x_wconf 86' lang='lat' dir='ltr'><strong>est</strong></span> <span class='ocrx_word' id='word_1_65' title='bbox 1030 1104 1107 1165; x_wconf 86' lang='lat' dir='ltr'><strong>ratio</strong></span> <span class='ocrx_word' id='word_1_66' title='bbox 1125 1123 1235 1166; x_wconf 84' lang='lat' dir='ltr'><strong>vocum</strong></span> <span class='ocrx_word' id='word_1_67' title='bbox 1258 1107 1296 1165; x_wconf 88' lang='lat' dir='ltr'><strong>ab</strong></span> <span class='ocrx_word' id='word_1_68' title='bbox 1315 1106 1427 1168; x_wconf 87' lang='lat' dir='ltr'><strong>eadem</strong></span> 
     </span>
     <span class='ocr_line' id='line_1_9' title="bbox 317 1208 1427 1290; baseline 0 -18"><span class='ocrx_word' id='word_1_69' title='bbox 317 1211 413 1290; x_wconf 86' lang='lat' dir='ltr'><strong>stirpe</strong></span> <span class='ocrx_word' id='word_1_70' title='bbox 427 1210 631 1271; x_wconf 87' lang='lat' dir='ltr'><strong>formatarum.</strong></span> <span class='ocrx_word' id='word_1_71' title='bbox 660 1209 755 1272; x_wconf 78' lang='lat' dir='ltr'><strong>Cuius</strong></span> <span class='ocrx_word' id='word_1_72' title='bbox 770 1208 898 1269; x_wconf 88' lang='lat' dir='ltr'><strong>rationis</strong></span> <span class='ocrx_word' id='word_1_73' title='bbox 910 1210 1053 1290; x_wconf 86' lang='lat' dir='ltr'><strong>quattuor</strong></span> <span class='ocrx_word' id='word_1_74' title='bbox 1063 1209 1200 1288; x_wconf 85' lang='lat' dir='ltr'><strong>proferre</strong></span> <span class='ocrx_word' id='word_1_75' title='bbox 1211 1209 1281 1270; x_wconf 86' lang='lat' dir='ltr'><strong>volo</strong></span> <span class='ocrx_word' id='word_1_76' title='bbox 1294 1210 1427 1290; x_wconf 83' lang='lat' dir='ltr'><strong>species,</strong></span> 
     </span>
     <span class='ocr_line' id='line_1_10' title="bbox 316 1313 1425 1396; baseline 0.001 -21"><span class='ocrx_word' id='word_1_77' title='bbox 316 1315 426 1396; x_wconf 89' lang='lat' dir='ltr'><strong>quibus</strong></span> <span class='ocrx_word' id='word_1_78' title='bbox 448 1335 504 1376; x_wconf 88' lang='lat' dir='ltr'><strong>sex</strong></span> <span class='ocrx_word' id='word_1_79' title='bbox 525 1314 646 1394; x_wconf 88' lang='lat' dir='ltr'><strong>stirpes,</strong></span> <span class='ocrx_word' id='word_1_80' title='bbox 670 1331 748 1395; x_wconf 90' lang='lat' dir='ltr'><strong>quae</strong></span> <span class='ocrx_word' id='word_1_81' title='bbox 763 1313 795 1373; x_wconf 90' lang='lat' dir='ltr'><strong>in</strong></span> <span class='ocrx_word' id='word_1_82' title='bbox 810 1313 922 1394; x_wconf 87' lang='lat' dir='ltr'>hymno</span> <span class='ocrx_word' id='word_1_83' title='bbox 939 1315 1067 1374; x_wconf 88' lang='lat' dir='ltr'><strong>utuntur</strong></span> <span class='ocrx_word' id='word_1_84' title='bbox 1082 1313 1243 1393; x_wconf 62' lang='lat' dir='ltr'><strong>digamma</strong></span> <span class='ocrx_word' id='word_1_85' title='bbox 1265 1314 1425 1376; x_wconf 87' lang='lat' dir='ltr'><strong>illustran-</strong></span> 
     </span>
     <span class='ocr_line' id='line_1_11' title="bbox 317 1418 1424 1499; baseline 0.001 -20"><span class='ocrx_word' id='word_1_86' title='bbox 317 1422 375 1480; x_wconf 92' lang='lat' dir='ltr'><strong>tur.</strong></span> <span class='ocrx_word' id='word_1_87' title='bbox 419 1419 465 1480; x_wconf 88' lang='lat' dir='ltr'><strong>Ac</strong></span> <span class='ocrx_word' id='word_1_88' title='bbox 485 1419 616 1499; x_wconf 90' lang='lat' dir='ltr'><strong>primum</strong></span> <span class='ocrx_word' id='word_1_89' title='bbox 639 1418 760 1499; x_wconf 91' lang='lat' dir='ltr'><strong>quidem</strong></span> <span class='ocrx_word' id='word_1_90' title='bbox 783 1418 969 1497; x_wconf 83' lang='lat' dir='ltr'><strong>digammum</strong></span> <span class='ocrx_word' id='word_1_91' title='bbox 991 1419 1225 1494; x_wconf 85' lang='lat' dir='ltr'><strong>demonstratur,</strong></span> <span class='ocrx_word' id='word_1_92' title='bbox 1247 1419 1275 1478; x_wconf 91' lang='lat' dir='ltr'><strong>si</strong></span> <span class='ocrx_word' id='word_1_93' title='bbox 1293 1421 1424 1480; x_wconf 86' lang='lat' dir='ltr'><strong>verbum</strong></span> 
     </span>
     <span class='ocr_line' id='line_1_12' title="bbox 315 1509 1424 1602; baseline -0.003 -17"><span class='ocrx_word' id='word_1_94' title='bbox 315 1542 333 1584; x_wconf 87' lang='lat' dir='ltr'><strong>a</strong></span> <span class='ocrx_word' id='word_1_95' title='bbox 364 1523 464 1585; x_wconf 82' lang='lat' dir='ltr'><strong>vocali</strong></span> <span class='ocrx_word' id='word_1_96' title='bbox 486 1523 632 1602; x_wconf 89' lang='lat' dir='ltr'><strong>incipiens</strong></span> <span class='ocrx_word' id='word_1_97' title='bbox 656 1523 694 1582; x_wconf 91' lang='lat' dir='ltr'><strong>ob</strong></span> <span class='ocrx_word' id='word_1_98' title='bbox 717 1540 843 1602; x_wconf 87' lang='lat' dir='ltr'><strong>eamque</strong></span> <span class='ocrx_word' id='word_1_99' title='bbox 866 1540 989 1582; x_wconf 87' lang='lat' dir='ltr'><strong>oausam</strong></span> <span class='ocrx_word' id='word_1_100' title='bbox 1011 1509 1174 1601; x_wconf 82' lang='lat' dir='ltr'><strong>augmento</strong></span> <span class='ocrx_word' id='word_1_101' title='bbox 1194 1521 1357 1602; x_wconf 85' lang='lat' dir='ltr'><strong>temporali</strong></span> <span class='ocrx_word' id='word_1_102' title='bbox 1376 1524 1424 1583; x_wconf 88' lang='lat' dir='ltr'><strong>in-</strong></span> 
     </span>
     <span class='ocr_line' id='line_1_13' title="bbox 316 1625 1424 1707; baseline 0 -19"><span class='ocrx_word' id='word_1_103' title='bbox 316 1628 497 1688; x_wconf 83' lang='lat' dir='ltr'><strong>struendum</strong></span> <span class='ocrx_word' id='word_1_104' title='bbox 515 1628 612 1688; x_wconf 87' lang='lat' dir='ltr'><strong>utitor</strong></span> <span class='ocrx_word' id='word_1_105' title='bbox 626 1629 790 1706; x_wconf 78' lang='lat' dir='ltr'><strong>augmento</strong></span> <span class='ocrx_word' id='word_1_106' title='bbox 807 1625 963 1707; x_wconf 85' lang='lat' dir='ltr'><strong>syllabioo,</strong></span> <span class='ocrx_word' id='word_1_107' title='bbox 987 1625 1127 1706; x_wconf 87' lang='lat' dir='ltr'><strong>quoniam</strong></span> <span class='ocrx_word' id='word_1_108' title='bbox 1139 1625 1268 1706; x_wconf 88' lang='lat' dir='ltr'><strong>pristino</strong></span> <span class='ocrx_word' id='word_1_109' title='bbox 1283 1629 1424 1707; x_wconf 87' lang='lat' dir='ltr'><strong>tempore</strong></span> 
     </span>
     <span class='ocr_line' id='line_1_14' title="bbox 314 1728 1512 1818; baseline -0.002 -24"><span class='ocrx_word' id='word_1_110' title='bbox 314 1731 478 1812; x_wconf 83' lang='lat' dir='ltr'><strong>incipiebat</strong></span> <span class='ocrx_word' id='word_1_111' title='bbox 508 1750 526 1792; x_wconf 92' lang='lat' dir='ltr'><strong>a</strong></span> <span class='ocrx_word' id='word_1_112' title='bbox 557 1731 726 1810; x_wconf 84' lang='lat' dir='ltr'><strong>digammc,</strong></span> <span class='ocrx_word' id='word_1_113' title='bbox 759 1749 833 1809; x_wconf 85' lang='lat' dir='ltr'><strong>ergo</strong></span> <span class='ocrx_word' id='word_1_114' title='bbox 858 1749 876 1790; x_wconf 89' lang='lat' dir='ltr'><strong>a</strong></span> <span class='ocrx_word' id='word_1_115' title='bbox 898 1748 1038 1790; x_wconf 87' lang='lat' dir='ltr'><strong>consona.</strong></span> <span class='ocrx_word' id='word_1_116' title='bbox 1083 1728 1134 1791; x_wconf 85' lang='lat' dir='ltr'><strong>Sic</strong></span> <span class='ocrx_word' id='word_1_117' title='bbox 1154 1729 1291 1792; x_wconf 85' lang='lat' dir='ltr'><strong>illustrat</strong></span> <span class='ocrx_word' id='word_1_118' title='bbox 1313 1749 1423 1792; x_wconf 88' lang='lat' dir='ltr'><strong>vocem</strong></span> <span class='ocrx_word' id='word_1_119' title='bbox 1511 1797 1512 1818; x_wconf 19' lang='grc' dir='ltr'><em>γ</em></span> 
     </span>
     <span class='ocr_line' id='line_1_15' title="bbox 313 1821 1512 1919; baseline -0.002 -21"><span class='ocrx_word' id='word_1_120' title='bbox 313 1826 748 1919; x_wconf 37' lang='grc' dir='ltr'><strong>ἔργονΐνεαοιιιοἐργάζεσθαι</strong></span> <span class='ocrx_word' id='word_1_121' title='bbox 763 1834 867 1896; x_wconf 88' lang='lat' dir='ltr'><strong>formis</strong></span> <span class='ocrx_word' id='word_1_122' title='bbox 879 1834 925 1894; x_wconf 91' lang='lat' dir='ltr'><strong>uti</strong></span> <span class='ocrx_word' id='word_1_123' title='bbox 934 1823 1121 1918; x_wconf 77' lang='grc' dir='ltr'><em>εἰργαζόμην</em></span> <span class='ocrx_word' id='word_1_124' title='bbox 1132 1836 1183 1914; x_wconf 88' lang='lat' dir='ltr'><strong>(ex</strong></span> <span class='ocrx_word' id='word_1_125' title='bbox 1201 1825 1423 1919; x_wconf 61' lang='grc' dir='ltr'><em>ἒῗεργαζόμρν,</em></span> <span class='ocrx_word' id='word_1_126' title='bbox 1511 1821 1512 1830; x_wconf 32' lang='lat'>¹</span> 
     </span>
     <span class='ocr_line' id='line_1_16' title="bbox 312 1929 1420 2024; baseline -0.002 -23"><span class='ocrx_word' id='word_1_127' title='bbox 312 1930 512 2024; x_wconf 80' lang='grc' dir='ltr'><em>ἔεργαζόμην,</em></span> <span class='ocrx_word' id='word_1_128' title='bbox 537 1929 745 2024; x_wconf 81' lang='grc' dir='ltr'><em>εἰργαζόμην),</em></span> <span class='ocrx_word' id='word_1_129' title='bbox 767 1931 824 1999; x_wconf 75' lang='grc' dir='ltr'><strong>ἅδε</strong></span> <span class='ocrx_word' id='word_1_130' title='bbox 839 1938 934 1998; x_wconf 87' lang='lat' dir='ltr'><strong>forma</strong></span> <span class='ocrx_word' id='word_1_131' title='bbox 956 1930 1050 1998; x_wconf 76' lang='grc' dir='ltr'><em>εὔαδε</em></span> <span class='ocrx_word' id='word_1_132' title='bbox 1073 1937 1123 2016; x_wconf 87' lang='lat' dir='ltr'><strong>(ex</strong></span> <span class='ocrx_word' id='word_1_133' title='bbox 1140 1929 1292 2013; x_wconf 62' lang='grc' dir='ltr'><em>ἔ-σέαδε,</em></span> <span class='ocrx_word' id='word_1_134' title='bbox 1317 1929 1420 2014; x_wconf 58' lang='lat' dir='ltr'><strong>&amp;boos</strong></span> 
     </span>
     <span class='ocr_line' id='line_1_17' title="bbox 226 2031 1418 2123; baseline 0 -19"><span class='ocrx_word' id='word_1_135' title='bbox 226 2077 230 2084; x_wconf 92' lang='lat'><em>·</em></span> <span class='ocrx_word' id='word_1_136' title='bbox 312 2037 443 2120; x_wconf 57' lang='lat' dir='ltr'><strong>stood),</strong></span> <span class='ocrx_word' id='word_1_137' title='bbox 467 2035 560 2116; x_wconf 77' lang='grc' dir='ltr'><em>εἰδώς</em></span> <span class='ocrx_word' id='word_1_138' title='bbox 579 2045 611 2103; x_wconf 88' lang='lat' dir='ltr'><strong>et</strong></span> <span class='ocrx_word' id='word_1_139' title='bbox 634 2042 709 2103; x_wconf 87' lang='lat' dir='ltr'><strong>alias</strong></span> <span class='ocrx_word' id='word_1_140' title='bbox 732 2042 823 2102; x_wconf 90' lang='lat' dir='ltr'><strong>huius</strong></span> <span class='ocrx_word' id='word_1_141' title='bbox 847 2041 952 2121; x_wconf 85' lang='lat' dir='ltr'><strong>stirpis</strong></span> <span class='ocrx_word' id='word_1_142' title='bbox 974 2042 1088 2102; x_wconf 81' lang='lat' dir='ltr'><strong>formas</strong></span> <span class='ocrx_word' id='word_1_143' title='bbox 1111 2043 1244 2104; x_wconf 85' lang='lat' dir='ltr'><strong>acristus</strong></span> <span class='ocrx_word' id='word_1_144' title='bbox 1264 2031 1353 2104; x_wconf 80' lang='grc' dir='ltr'><em>εἶδον</em></span> <span class='ocrx_word' id='word_1_145' title='bbox 1368 2046 1418 2123; x_wconf 83' lang='lat' dir='ltr'><strong>(ex</strong></span> 
     </span>
    </p>
   </div>
   <div class='ocr_carea' id='block_1_3' title="bbox 212 2131 1418 2226">
    <p class='ocr_par' dir='ltr' id='par_1_4' title="bbox 212 2131 1418 2226">
     <span class='ocr_line' id='line_1_18' title="bbox 212 2131 1418 2226; baseline -0.002 -16"><span class='ocrx_word' id='word_1_146' title='bbox 212 2141 215 2148; x_wconf 75' lang='grc'><strong>’</strong></span> <span class='ocrx_word' id='word_1_147' title='bbox 312 2139 463 2224; x_wconf 64' lang='grc' dir='ltr'><em>ἔ-Ῐιδον,</em></span> <span class='ocrx_word' id='word_1_148' title='bbox 489 2139 583 2223; x_wconf 80' lang='grc' dir='ltr'><em>ἔιδον,</em></span> <span class='ocrx_word' id='word_1_149' title='bbox 608 2134 720 2225; x_wconf 79' lang='grc' dir='ltr'><em>εἶδον),</em></span> <span class='ocrx_word' id='word_1_150' title='bbox 745 2133 820 2226; x_wconf 83' lang='grc' dir='ltr'><em>εἷμα</em></span> <span class='ocrx_word' id='word_1_151' title='bbox 842 2131 939 2208; x_wconf 84' lang='lat' dir='ltr'><strong>forma</strong></span> <span class='ocrx_word' id='word_1_152' title='bbox 962 2137 1099 2208; x_wconf 73' lang='grc' dir='ltr'><em>ἑέσσατο</em></span> <span class='ocrx_word' id='word_1_153' title='bbox 1123 2148 1174 2224; x_wconf 83' lang='lat' dir='ltr'><strong>(ex</strong></span> <span class='ocrx_word' id='word_1_154' title='bbox 1195 2140 1418 2224; x_wconf 63' lang='lat' dir='ltr'><strong>d-fc‘ooocffl),</strong></span> 
     </span>
    </p>
   </div>
   <div class='ocr_carea' id='block_1_4' title="bbox 309 2237 1513 2752">
    <p class='ocr_par' dir='ltr' id='par_1_5' title="bbox 309 2237 1513 2752">
     <span class='ocr_line' id='line_1_19' title="bbox 311 2237 1513 2329; baseline -0.001 -16"><span class='ocrx_word' id='word_1_155' title='bbox 311 2243 395 2328; x_wconf 73' lang='grc' dir='ltr'><em>ἄναξ</em></span> <span class='ocrx_word' id='word_1_156' title='bbox 426 2254 459 2312; x_wconf 90' lang='lat' dir='ltr'><strong>et</strong></span> <span class='ocrx_word' id='word_1_157' title='bbox 492 2242 642 2313; x_wconf 79' lang='grc' dir='ltr'><em>ἀνάσσειν</em></span> <span class='ocrx_word' id='word_1_158' title='bbox 675 2248 799 2312; x_wconf 81' lang='lat' dir='ltr'><strong>Alcaci³</strong></span> <span class='ocrx_word' id='word_1_159' title='bbox 832 2251 929 2312; x_wconf 83' lang='lat' dir='ltr'><strong>forma</strong></span> <span class='ocrx_word' id='word_1_160' title='bbox 959 2241 1096 2312; x_wconf 78' lang='grc' dir='ltr'><em>ἔάνασοε</em></span> <span class='ocrx_word' id='word_1_161' title='bbox 1134 2252 1186 2329; x_wconf 87' lang='lat' dir='ltr'><strong>(ex</strong></span> <span class='ocrx_word' id='word_1_162' title='bbox 1216 2241 1418 2329; x_wconf 67' lang='grc' dir='ltr'><em>ἐ-Γάναοοε).</em></span> <span class='ocrx_word' id='word_1_163' title='bbox 1512 2237 1513 2276; x_wconf 69' lang='lat'>³</span> 
     </span>
     <span class='ocr_line' id='line_1_20' title="bbox 311 2354 1419 2436; baseline 0.001 -19"><span class='ocrx_word' id='word_1_164' title='bbox 311 2356 429 2417; x_wconf 87' lang='lat' dir='ltr'><strong>Deinde</strong></span> <span class='ocrx_word' id='word_1_165' title='bbox 450 2355 635 2436; x_wconf 86' lang='lat' dir='ltr'><strong>digammum</strong></span> <span class='ocrx_word' id='word_1_166' title='bbox 656 2354 809 2416; x_wconf 85' lang='lat' dir='ltr'><strong>indicatur</strong></span> <span class='ocrx_word' id='word_1_167' title='bbox 831 2355 861 2416; x_wconf 91' lang='lat' dir='ltr'><strong>in</strong></span> <span class='ocrx_word' id='word_1_168' title='bbox 882 2373 973 2430; x_wconf 82' lang='lat' dir='ltr'><strong>voce,</strong></span> <span class='ocrx_word' id='word_1_169' title='bbox 1002 2354 1028 2415; x_wconf 76' lang='lat' dir='ltr'><strong>si</strong></span> <span class='ocrx_word' id='word_1_170' title='bbox 1047 2354 1134 2416; x_wconf 80' lang='lat' dir='ltr'><strong>verbi</strong></span> <span class='ocrx_word' id='word_1_171' title='bbox 1155 2354 1291 2415; x_wconf 90' lang='lat' dir='ltr'><strong>eiusdem</strong></span> <span class='ocrx_word' id='word_1_172' title='bbox 1314 2357 1419 2436; x_wconf 87' lang='lat' dir='ltr'><strong>stirpis</strong></span> 
     </span>
     <span class='ocr_line' id='line_1_21' title="bbox 311 2458 1418 2543; baseline 0.001 -22"><span class='ocrx_word' id='word_1_173' title='bbox 311 2479 492 2543; x_wconf 88' lang='lat' dir='ltr'><strong>quamquam</strong></span> <span class='ocrx_word' id='word_1_174' title='bbox 508 2478 526 2520; x_wconf 89' lang='lat' dir='ltr'><strong>a</strong></span> <span class='ocrx_word' id='word_1_175' title='bbox 539 2459 639 2521; x_wconf 80' lang='lat' dir='ltr'><strong>vocali</strong></span> <span class='ocrx_word' id='word_1_176' title='bbox 653 2458 826 2538; x_wconf 88' lang='lat' dir='ltr'><strong>incipientis</strong></span> <span class='ocrx_word' id='word_1_177' title='bbox 841 2458 976 2539; x_wconf 79' lang='lat' dir='ltr'><strong>perfecto</strong></span> <span class='ocrx_word' id='word_1_178' title='bbox 988 2458 1187 2538; x_wconf 89' lang='lat' dir='ltr'><strong>reduplicatio</strong></span> <span class='ocrx_word' id='word_1_179' title='bbox 1199 2477 1254 2539; x_wconf 90' lang='lat' dir='ltr'><strong>per</strong></span> <span class='ocrx_word' id='word_1_180' title='bbox 1266 2459 1418 2539; x_wconf 81' lang='lat' dir='ltr'><strong>syllabam</strong></span> 
     </span>
     <span class='ocr_line' id='line_1_22' title="bbox 310 2554 1414 2646; baseline -0.002 -20"><span class='ocrx_word' id='word_1_181' title='bbox 310 2564 449 2646; x_wconf 88' lang='lat' dir='ltr'><strong>praefixa</strong></span> <span class='ocrx_word' id='word_1_182' title='bbox 476 2566 525 2625; x_wconf 88' lang='lat' dir='ltr'><strong>est</strong></span> <span class='ocrx_word' id='word_1_183' title='bbox 553 2599 595 2608; x_wconf 91' lang='grc'>-</span> <span class='ocrx_word' id='word_1_184' title='bbox 624 2563 667 2624; x_wconf 86' lang='lat' dir='ltr'><strong>sic</strong></span> <span class='ocrx_word' id='word_1_185' title='bbox 690 2563 863 2625; x_wconf 85' lang='lat' dir='ltr'><strong>illustratur</strong></span> <span class='ocrx_word' id='word_1_186' title='bbox 891 2581 955 2625; x_wconf 82' lang='lat' dir='ltr'><strong>vox</strong></span> <span class='ocrx_word' id='word_1_187' title='bbox 979 2556 1068 2643; x_wconf 92' lang='grc' dir='ltr'><em>ἔργον</em></span> <span class='ocrx_word' id='word_1_188' title='bbox 1087 2562 1225 2642; x_wconf 78' lang='lat' dir='ltr'><strong>perfecto</strong></span> <span class='ocrx_word' id='word_1_189' title='bbox 1247 2554 1345 2645; x_wconf 89' lang='grc' dir='ltr'><em>ἔοργα</em></span> <span class='ocrx_word' id='word_1_190' title='bbox 1364 2566 1414 2642; x_wconf 87' lang='lat' dir='ltr'><strong>(ex</strong></span> 
     </span>
     <span class='ocr_line' id='line_1_23' title="bbox 309 2660 1407 2752; baseline -0.004 -20"><span class='ocrx_word' id='word_1_191' title='bbox 309 2663 485 2752; x_wconf 67' lang='lat' dir='ltr'><strong>fc‘·fopyo)</strong></span> <span class='ocrx_word' id='word_1_192' title='bbox 517 2671 547 2730; x_wconf 86' lang='lat' dir='ltr'><strong>ct</strong></span> <span class='ocrx_word' id='word_1_193' title='bbox 576 2660 633 2729; x_wconf 79' lang='grc' dir='ltr'><strong>ἅδε</strong></span> <span class='ocrx_word' id='word_1_194' title='bbox 654 2669 790 2748; x_wconf 82' lang='lat' dir='ltr'><strong>perfecto</strong></span> <span class='ocrx_word' id='word_1_195' title='bbox 813 2661 892 2728; x_wconf 84' lang='grc' dir='ltr'><em>ἔαδα</em></span> <span class='ocrx_word' id='word_1_196' title='bbox 915 2667 968 2745; x_wconf 88' lang='lat' dir='ltr'><strong>(ex</strong></span> <span class='ocrx_word' id='word_1_197' title='bbox 990 2660 1159 2743; x_wconf 70' lang='lat' dir='ltr'><strong>fri-fudo).</strong></span> <span class='ocrx_word' id='word_1_198' title='bbox 1193 2665 1271 2727; x_wconf 79' lang='lat' dir='ltr'><strong>Tum</strong></span> <span class='ocrx_word' id='word_1_199' title='bbox 1295 2668 1407 2748; x_wconf 84' lang='lat' dir='ltr'><strong>digam-</strong></span> 
     </span>
    </p>
   </div>
   <div class='ocr_carea' id='block_1_5' title="bbox 308 2771 1514 2854">
    <p class='ocr_par' dir='ltr' id='par_1_6' title="bbox 308 2771 1514 2854">
     <span class='ocr_line' id='line_1_24' title="bbox 308 2771 1514 2854; baseline -0.007 -18"><span class='ocrx_word' id='word_1_200' title='bbox 308 2795 391 2836; x_wconf 90' lang='lat' dir='ltr'><strong>mum</strong></span> <span class='ocrx_word' id='word_1_201' title='bbox 405 2773 523 2835; x_wconf 88' lang='lat' dir='ltr'><strong>initiale</strong></span> <span class='ocrx_word' id='word_1_202' title='bbox 538 2775 587 2834; x_wconf 88' lang='lat' dir='ltr'><strong>est</strong></span> <span class='ocrx_word' id='word_1_203' title='bbox 601 2773 633 2833; x_wconf 91' lang='lat' dir='ltr'><strong>in</strong></span> <span class='ocrx_word' id='word_1_204' title='bbox 649 2772 804 2852; x_wconf 86' lang='lat' dir='ltr'><strong>stirpibus,</strong></span> <span class='ocrx_word' id='word_1_205' title='bbox 825 2772 934 2854; x_wconf 84' lang='lat' dir='ltr'><strong>quibus</strong></span> <span class='ocrx_word' id='word_1_206' title='bbox 946 2791 975 2848; x_wconf 88' lang='grc' dir='ltr'><strong>α,</strong></span> <span class='ocrx_word' id='word_1_207' title='bbox 996 2771 1077 2853; x_wconf 89' lang='lat' dir='ltr'><strong>quod</strong></span> <span class='ocrx_word' id='word_1_208' title='bbox 1091 2774 1203 2833; x_wconf 89' lang='lat' dir='ltr'><strong>vocant</strong></span> <span class='ocrx_word' id='word_1_209' title='bbox 1218 2772 1409 2851; x_wconf 79' lang='lat' dir='ltr'><strong>privativum,</strong></span> <span class='ocrx_word' id='word_1_210' title='bbox 1513 2785 1514 2800; x_wconf 62' lang='lat'>¹</span> 
     </span>
    </p>
   </div>
   <div class='ocr_carea' id='block_1_6' title="bbox 305 2875 1415 3584">
    <p class='ocr_par' dir='ltr' id='par_1_7' title="bbox 305 2875 1415 3584">
     <span class='ocr_line' id='line_1_25' title="bbox 309 2875 1411 2956; baseline -0.002 -16"><span class='ocrx_word' id='word_1_211' title='bbox 309 2879 376 2940; x_wconf 90' lang='lat' dir='ltr'><strong>sine</strong></span> <span class='ocrx_word' id='word_1_212' title='bbox 413 2877 519 2940; x_wconf 89' lang='lat' dir='ltr'><strong>littera</strong></span> <span class='ocrx_word' id='word_1_213' title='bbox 547 2879 597 2953; x_wconf 84' lang='lat' dir='ltr'><strong>,v‘</strong></span> <span class='ocrx_word' id='word_1_214' title='bbox 624 2896 664 2937; x_wconf 83' lang='lat' dir='ltr'><strong>ex</strong></span> <span class='ocrx_word' id='word_1_215' title='bbox 693 2876 812 2937; x_wconf 88' lang='lat' dir='ltr'><strong>ratione</strong></span> <span class='ocrx_word' id='word_1_216' title='bbox 843 2875 983 2956; x_wconf 87' lang='lat' dir='ltr'><strong>stirpium</strong></span> <span class='ocrx_word' id='word_1_217' title='bbox 1011 2893 1183 2936; x_wconf 87' lang='lat' dir='ltr'><strong>aeonscna</strong></span> <span class='ocrx_word' id='word_1_218' title='bbox 1203 2875 1411 2956; x_wconf 90' lang='lat' dir='ltr'><strong>incipientium</strong></span> 
     </span>
     <span class='ocr_line' id='line_1_26' title="bbox 307 2969 1415 3063; baseline -0.003 -19"><span class='ocrx_word' id='word_1_219' title='bbox 307 2981 478 3063; x_wconf 81' lang='lat' dir='ltr'><strong>praefixum</strong></span> <span class='ocrx_word' id='word_1_220' title='bbox 500 2979 565 3042; x_wconf 71' lang='lat' dir='ltr'><strong>est4</strong></span> <span class='ocrx_word' id='word_1_221' title='bbox 588 3015 628 3023; x_wconf 94' lang='lat'><strong>—</strong></span> <span class='ocrx_word' id='word_1_222' title='bbox 650 2980 694 3041; x_wconf 91' lang='lat' dir='ltr'><strong>sio</strong></span> <span class='ocrx_word' id='word_1_223' title='bbox 715 2979 888 3041; x_wconf 90' lang='lat' dir='ltr'><strong>illustratur</strong></span> <span class='ocrx_word' id='word_1_224' title='bbox 905 2997 968 3041; x_wconf 84' lang='lat' dir='ltr'><strong>vox</strong></span> <span class='ocrx_word' id='word_1_225' title='bbox 991 2970 1091 3062; x_wconf 86' lang='grc' dir='ltr'><em>ἔργον</em></span> <span class='ocrx_word' id='word_1_226' title='bbox 1105 2997 1181 3040; x_wconf 86' lang='lat' dir='ltr'><strong>voce</strong></span> <span class='ocrx_word' id='word_1_227' title='bbox 1204 2969 1343 3061; x_wconf 80' lang='grc' dir='ltr'><em>ἔ-εργος</em></span> <span class='ocrx_word' id='word_1_228' title='bbox 1363 2981 1415 3059; x_wconf 84' lang='lat' dir='ltr'><strong>(ex</strong></span> 
     </span>
     <span class='ocr_line' id='line_1_27' title="bbox 308 3066 1415 3168; baseline -0.001 -20"><span class='ocrx_word' id='word_1_229' title='bbox 308 3079 490 3168; x_wconf 67' lang='grc' dir='ltr'><em>ἄ-Ῐεργος),</em></span> <span class='ocrx_word' id='word_1_230' title='bbox 529 3073 617 3158; x_wconf 80' lang='grc' dir='ltr'><em>οἶκος</em></span> <span class='ocrx_word' id='word_1_231' title='bbox 654 3102 729 3145; x_wconf 89' lang='lat' dir='ltr'><strong>voco</strong></span> <span class='ocrx_word' id='word_1_232' title='bbox 759 3077 895 3158; x_wconf 80' lang='grc' dir='ltr'><em>ἔ-οικος</em></span> <span class='ocrx_word' id='word_1_233' title='bbox 918 3085 971 3163; x_wconf 86' lang='lat' dir='ltr'><strong>(ex</strong></span> <span class='ocrx_word' id='word_1_234' title='bbox 992 3066 1173 3161; x_wconf 65' lang='grc' dir='ltr'><em>ἔ-Ῐοινεος),</em></span> <span class='ocrx_word' id='word_1_235' title='bbox 1210 3073 1304 3157; x_wconf 75' lang='grc' dir='ltr'><em>εἰδώς</em></span> <span class='ocrx_word' id='word_1_236' title='bbox 1338 3104 1415 3147; x_wconf 83' lang='lat' dir='ltr'><strong>voco</strong></span> 
     </span>
     <span class='ocr_line' id='line_1_28' title="bbox 307 3175 1414 3276; baseline -0.003 -23"><span class='ocrx_word' id='word_1_237' title='bbox 307 3179 403 3276; x_wconf 78' lang='grc' dir='ltr'><em>οἷΐδνγς</em></span> <span class='ocrx_word' id='word_1_238' title='bbox 437 3190 490 3268; x_wconf 86' lang='lat' dir='ltr'><strong>(ex</strong></span> <span class='ocrx_word' id='word_1_239' title='bbox 521 3175 768 3270; x_wconf 66' lang='lat' dir='ltr'><strong>d-flopg-quod</strong></span> <span class='ocrx_word' id='word_1_240' title='bbox 796 3187 868 3249; x_wconf 88' lang='lat' dir='ltr'><strong>Orci</strong></span> <span class='ocrx_word' id='word_1_241' title='bbox 898 3205 1007 3248; x_wconf 86' lang='lat' dir='ltr'><strong>nomen</strong></span> <span class='ocrx_word' id='word_1_242' title='bbox 1037 3186 1119 3266; x_wconf 90' lang='lat' dir='ltr'><strong>apud</strong></span> <span class='ocrx_word' id='word_1_243' title='bbox 1149 3185 1315 3248; x_wconf 89' lang='lat' dir='ltr'><strong>Homerum</strong></span> <span class='ocrx_word' id='word_1_244' title='bbox 1343 3190 1414 3267; x_wconf 86' lang='lat' dir='ltr'><strong>est).</strong></span> 
     </span>
     <span class='ocr_line' id='line_1_29' title="bbox 305 3290 1415 3376; baseline -0.002 -20"><span class='ocrx_word' id='word_1_245' title='bbox 305 3295 444 3376; x_wconf 87' lang='lat' dir='ltr'><strong>Denique</strong></span> <span class='ocrx_word' id='word_1_246' title='bbox 468 3293 653 3372; x_wconf 85' lang='lat' dir='ltr'><strong>digammum</strong></span> <span class='ocrx_word' id='word_1_247' title='bbox 675 3294 724 3352; x_wconf 89' lang='lat' dir='ltr'><strong>cst</strong></span> <span class='ocrx_word' id='word_1_248' title='bbox 746 3291 942 3352; x_wconf 88' lang='lat' dir='ltr'><strong>statuendum</strong></span> <span class='ocrx_word' id='word_1_249' title='bbox 964 3291 1053 3351; x_wconf 88' lang='lat' dir='ltr'><strong>iniis</strong></span> <span class='ocrx_word' id='word_1_250' title='bbox 1074 3290 1219 3366; x_wconf 81' lang='lat' dir='ltr'><strong>vocibus,</strong></span> <span class='ocrx_word' id='word_1_251' title='bbox 1243 3293 1314 3352; x_wconf 88' lang='lat' dir='ltr'><strong>ante</strong></span> <span class='ocrx_word' id='word_1_252' title='bbox 1337 3312 1415 3374; x_wconf 90' lang='lat' dir='ltr'><strong>quas</strong></span> 
     </span>
     <span class='ocr_line' id='line_1_30' title="bbox 305 3394 1412 3479; baseline -0.005 -16"><span class='ocrx_word' id='word_1_253' title='bbox 305 3401 337 3463; x_wconf 90' lang='lat' dir='ltr'><strong>in</strong></span> <span class='ocrx_word' id='word_1_254' title='bbox 360 3395 576 3479; x_wconf 84' lang='lat' dir='ltr'><strong>compositione</strong></span> <span class='ocrx_word' id='word_1_255' title='bbox 598 3414 707 3460; x_wconf 83' lang='lat' dir='ltr'><strong>vocum</strong></span> <span class='ocrx_word' id='word_1_256' title='bbox 728 3395 761 3456; x_wconf 90' lang='lat' dir='ltr'><strong>in</strong></span> <span class='ocrx_word' id='word_1_257' title='bbox 774 3394 897 3456; x_wconf 85' lang='lat' dir='ltr'><strong>vocales</strong></span> <span class='ocrx_word' id='word_1_258' title='bbox 913 3394 1117 3456; x_wconf 86' lang='lat' dir='ltr'><strong>desinentium</strong></span> <span class='ocrx_word' id='word_1_259' title='bbox 1132 3395 1271 3477; x_wconf 84' lang='lat' dir='ltr'><strong>syllabae</strong></span> <span class='ocrx_word' id='word_1_260' title='bbox 1286 3396 1412 3458; x_wconf 87' lang='lat' dir='ltr'><strong>ultimae</strong></span> 
     </span>
     <span class='ocr_line' id='line_1_31' title="bbox 306 3491 1412 3584; baseline -0.002 -19"><span class='ocrx_word' id='word_1_261' title='bbox 306 3505 442 3567; x_wconf 85' lang='lat' dir='ltr'><strong>mutatae</strong></span> <span class='ocrx_word' id='word_1_262' title='bbox 464 3520 525 3562; x_wconf 89' lang='lat' dir='ltr'><strong>non</strong></span> <span class='ocrx_word' id='word_1_263' title='bbox 546 3499 718 3562; x_wconf 87' lang='lat' dir='ltr'><strong>sunt—sic</strong></span> <span class='ocrx_word' id='word_1_264' title='bbox 733 3498 906 3562; x_wconf 89' lang='lat' dir='ltr'><strong>illustratur</strong></span> <span class='ocrx_word' id='word_1_265' title='bbox 920 3518 983 3561; x_wconf 82' lang='lat' dir='ltr'><strong>vox</strong></span> <span class='ocrx_word' id='word_1_266' title='bbox 999 3491 1090 3582; x_wconf 89' lang='grc' dir='ltr'><em>ἔργον</em></span> <span class='ocrx_word' id='word_1_267' title='bbox 1105 3519 1181 3562; x_wconf 85' lang='lat' dir='ltr'><strong>voce</strong></span> <span class='ocrx_word' id='word_1_268' title='bbox 1197 3493 1412 3584; x_wconf 62' lang='grc' dir='ltr'><em>δημιοεργός</em></span> 
     </span>
    </p>
   </div>
   <div class='ocr_carea' id='block_1_7' title="bbox 303 3589 1411 3790">
    <p class='ocr_par' dir='ltr' id='par_1_8' title="bbox 303 3589 1411 3790">
     <span class='ocr_line' id='line_1_32' title="bbox 307 3589 1411 3691; baseline -0.003 -24"><span class='ocrx_word' id='word_1_269' title='bbox 307 3610 359 3688; x_wconf 85' lang='lat' dir='ltr'><strong>(ex</strong></span> <span class='ocrx_word' id='word_1_270' title='bbox 388 3594 652 3691; x_wconf 64' lang='grc' dir='ltr'><em>δημιο-Γεργός),</em></span> <span class='ocrx_word' id='word_1_271' title='bbox 675 3589 749 3684; x_wconf 85' lang='grc' dir='ltr'><em>εἷμα</em></span> <span class='ocrx_word' id='word_1_272' title='bbox 770 3622 846 3666; x_wconf 87' lang='lat' dir='ltr'><strong>voce</strong></span> <span class='ocrx_word' id='word_1_273' title='bbox 869 3597 1053 3684; x_wconf 78' lang='grc' dir='ltr'><em>ἐνηείμενος</em></span> <span class='ocrx_word' id='word_1_274' title='bbox 1076 3606 1128 3683; x_wconf 84' lang='lat' dir='ltr'><strong>(ex</strong></span> <span class='ocrx_word' id='word_1_275' title='bbox 1156 3597 1411 3684; x_wconf 66' lang='grc' dir='ltr'><em>ἐπι-Γείμενος).</em></span> 
     </span>
     <span class='ocr_line' id='line_1_33' title="bbox 303 3708 1411 3790; baseline -0.001 -18"><span class='ocrx_word' id='word_1_276' title='bbox 303 3710 428 3772; x_wconf 85' lang='lat' dir='ltr'><strong>Addere</strong></span> <span class='ocrx_word' id='word_1_277' title='bbox 450 3713 538 3790; x_wconf 89' lang='lat' dir='ltr'><strong>potes</strong></span> <span class='ocrx_word' id='word_1_278' title='bbox 557 3727 658 3784; x_wconf 85' lang='lat' dir='ltr'><strong>voces,</strong></span> <span class='ocrx_word' id='word_1_279' title='bbox 681 3708 791 3790; x_wconf 89' lang='lat' dir='ltr'><strong>quibus</strong></span> <span class='ocrx_word' id='word_1_280' title='bbox 814 3712 863 3784; x_wconf 82' lang='lat' dir='ltr'><strong>‚s‘</strong></span> <span class='ocrx_word' id='word_1_281' title='bbox 884 3709 1073 3790; x_wconf 81' lang='lat' dir='ltr'><strong>praefigitur,</strong></span> <span class='ocrx_word' id='word_1_282' title='bbox 1096 3713 1131 3769; x_wconf 93' lang='lat' dir='ltr'><strong>ut</strong></span> <span class='ocrx_word' id='word_1_283' title='bbox 1153 3708 1262 3770; x_wconf 90' lang='lat' dir='ltr'><strong>melius</strong></span> <span class='ocrx_word' id='word_1_284' title='bbox 1277 3728 1411 3789; x_wconf 85' lang='lat' dir='ltr'><strong>pronun-</strong></span> 
     </span>
    </p>
   </div>
   <div class='ocr_carea' id='block_1_8' title="bbox 375 3924 1412 3998">
    <p class='ocr_par' dir='ltr' id='par_1_9' title="bbox 375 3924 1412 3998">
     <span class='ocr_line' id='line_1_34' title="bbox 375 3924 1412 3998; baseline 0 -14"><span class='ocrx_word' id='word_1_285' title='bbox 375 3929 462 3998; x_wconf 84' lang='lat' dir='ltr'><strong>1)1)e</strong></span> <span class='ocrx_word' id='word_1_286' title='bbox 494 3926 544 3982; x_wconf 88' lang='lat' dir='ltr'><strong>hac</strong></span> <span class='ocrx_word' id='word_1_287' title='bbox 573 3939 636 3981; x_wconf 87' lang='lat' dir='ltr'><strong>voce</strong></span> <span class='ocrx_word' id='word_1_288' title='bbox 669 3924 791 3994; x_wconf 84' lang='lat' dir='ltr'><strong>disputat</strong></span> <span class='ocrx_word' id='word_1_289' title='bbox 819 3924 926 3982; x_wconf 76' lang='lat' dir='ltr'><strong>uberius</strong></span> <span class='ocrx_word' id='word_1_290' title='bbox 955 3924 1062 3980; x_wconf 85' lang='lat' dir='ltr'><strong>Giesius</strong></span> <span class='ocrx_word' id='word_1_291' title='bbox 1092 3924 1132 3978; x_wconf 88' lang='lat' dir='ltr'><strong>De</strong></span> <span class='ocrx_word' id='word_1_292' title='bbox 1163 3924 1277 3982; x_wconf 86' lang='lat' dir='ltr'><strong>dialecto</strong></span> <span class='ocrx_word' id='word_1_293' title='bbox 1309 3927 1412 3984; x_wconf 85' lang='lat' dir='ltr'><strong>aeolica</strong></span> 
     </span>
    </p>
   </div>
   <div class='ocr_carea' id='block_1_9' title="bbox 304 4015 1410 4342">
    <p class='ocr_par' dir='ltr' id='par_1_10' title="bbox 304 4015 1410 4342">
     <span class='ocr_line' id='line_1_35' title="bbox 304 4015 508 4088; baseline -0.02 0"><span class='ocrx_word' id='word_1_294' title='bbox 304 4033 351 4088; x_wconf 83' lang='lat' dir='ltr'><strong>oc·</strong></span> <span class='ocrx_word' id='word_1_295' title='bbox 370 4015 430 4074; x_wconf 76' lang='lat'>249·</span> <span class='ocrx_word' id='word_1_296' title='bbox 450 4029 508 4084; x_wconf 72' lang='lat' dir='ltr'><strong>eoo·</strong></span> 
     </span>
     <span class='ocr_line' id='line_1_36' title="bbox 371 4095 838 4172; baseline -0.011 -14"><span class='ocrx_word' id='word_1_297' title='bbox 371 4101 400 4172; x_wconf 81' lang='lat'><strong>2)</strong></span> <span class='ocrx_word' id='word_1_298' title='bbox 418 4099 452 4156; x_wconf 86' lang='lat' dir='ltr'><strong>ol.</strong></span> <span class='ocrx_word' id='word_1_299' title='bbox 472 4095 557 4154; x_wconf 82' lang='lat' dir='ltr'><strong>Gicsli</strong></span> <span class='ocrx_word' id='word_1_300' title='bbox 576 4098 595 4152; x_wconf 90' lang='lat' dir='ltr'><strong>l.</strong></span> <span class='ocrx_word' id='word_1_301' title='bbox 614 4097 632 4153; x_wconf 92' lang='lat' dir='ltr'><strong>l.</strong></span> <span class='ocrx_word' id='word_1_302' title='bbox 648 4113 694 4168; x_wconf 79' lang='lat' dir='ltr'><strong>pg.</strong></span> <span class='ocrx_word' id='word_1_303' title='bbox 713 4097 764 4153; x_wconf 83' lang='grc'><strong>279</strong></span> <span class='ocrx_word' id='word_1_304' title='bbox 781 4113 838 4168; x_wconf 86' lang='lat' dir='ltr'><strong>sqq.</strong></span> 
     </span>
     <span class='ocr_line' id='line_1_37' title="bbox 370 4182 1022 4258; baseline -0.011 -15"><span class='ocrx_word' id='word_1_305' title='bbox 370 4187 398 4258; x_wconf 86' lang='grc'><strong>3)</strong></span> <span class='ocrx_word' id='word_1_306' title='bbox 417 4187 450 4242; x_wconf 84' lang='lat' dir='ltr'><strong>cf.</strong></span> <span class='ocrx_word' id='word_1_307' title='bbox 473 4185 578 4241; x_wconf 84' lang='lat' dir='ltr'><strong>Ahrons</strong></span> <span class='ocrx_word' id='word_1_308' title='bbox 597 4182 629 4240; x_wconf 90' lang='lat' dir='ltr'><strong>do</strong></span> <span class='ocrx_word' id='word_1_309' title='bbox 648 4183 755 4240; x_wconf 59' lang='lat' dir='ltr'><strong>dialem</strong></span> <span class='ocrx_word' id='word_1_310' title='bbox 775 4184 868 4240; x_wconf 82' lang='lat' dir='ltr'><strong>Graec.</strong></span> <span class='ocrx_word' id='word_1_311' title='bbox 887 4183 901 4238; x_wconf 93' lang='lat'><em>1</em></span> <span class='ocrx_word' id='word_1_312' title='bbox 920 4197 965 4251; x_wconf 82' lang='lat' dir='ltr'><strong>pg.</strong></span> <span class='ocrx_word' id='word_1_313' title='bbox 981 4184 1022 4239; x_wconf 89' lang='grc'><strong>30.</strong></span> 
     </span>
     <span class='ocr_line' id='line_1_38' title="bbox 369 4267 1410 4342; baseline 0.001 -14"><span class='ocrx_word' id='word_1_314' title='bbox 369 4273 396 4342; x_wconf 81' lang='grc'><strong>4)</strong></span> <span class='ocrx_word' id='word_1_315' title='bbox 414 4272 475 4328; x_wconf 88' lang='lat' dir='ltr'><strong>Non</strong></span> <span class='ocrx_word' id='word_1_316' title='bbox 497 4271 599 4340; x_wconf 79' lang='lat' dir='ltr'><strong>ignoro,</strong></span> <span class='ocrx_word' id='word_1_317' title='bbox 624 4271 756 4340; x_wconf 79' lang='lat' dir='ltr'><strong>syllabam</strong></span> <span class='ocrx_word' id='word_1_318' title='bbox 785 4283 904 4326; x_wconf 54' lang='lat' dir='ltr'><strong>ars-csso</strong></span> <span class='ocrx_word' id='word_1_319' title='bbox 925 4267 1032 4338; x_wconf 79' lang='lat' dir='ltr'><strong>signum</strong></span> <span class='ocrx_word' id='word_1_320' title='bbox 1058 4271 1225 4340; x_wconf 85' lang='lat' dir='ltr'><strong>negationis,</strong></span> <span class='ocrx_word' id='word_1_321' title='bbox 1250 4273 1321 4327; x_wconf 87' lang='lat' dir='ltr'><strong>unde</strong></span> <span class='ocrx_word' id='word_1_322' title='bbox 1346 4276 1410 4329; x_wconf 91' lang='lat' dir='ltr'><strong>ante</strong></span> 
     </span>
    </p>
   </div>
   <div class='ocr_carea' id='block_1_10' title="bbox 300 4359 586 4417">
    <p class='ocr_par' dir='ltr' id='par_1_11' title="bbox 300 4359 586 4417">
     <span class='ocr_line' id='line_1_39' title="bbox 300 4359 586 4417; baseline -0.021 0"><span class='ocrx_word' id='word_1_323' title='bbox 300 4375 430 4417; x_wconf 79' lang='lat' dir='ltr'><strong>consonas</strong></span> <span class='ocrx_word' id='word_1_324' title='bbox 448 4359 586 4414; x_wconf 80' lang='lat' dir='ltr'><strong>o-rostct.</strong></span> 
     </span>
    </p>
   </div>
   <div class='ocr_carea' id='block_1_11' title="bbox 0 0 1546 4936">
    <p class='ocr_par' dir='ltr' id='par_1_12' title="bbox 0 0 1546 4936">
     <span class='ocr_line' id='line_1_40' title="bbox 0 0 1546 4936; baseline 0 6"><span class='ocrx_word' id='word_1_325' title='bbox 0 0 1546 4936; x_wconf 95' lang='lat' dir='ltr'><strong> </strong></span> 
     </span>
    </p>
   </div>
  </div>
 </body>
</html>
