3082 4936
701 300 921 358 ..76-

252 467 324 528 licet
346 502 403 544 -,
430 487 492 530 non
519 467 709 531 infitiandum
742 470 806 546 est,
834 467 1001 550 Gergithes
1029 471 1062 532 in
1091 469 1227 535 Cumano
1255 471 1362 534 fuisse.

253 571 373 640 Quibus
399 574 492 634 rebus
519 574 663 635 videntur
693 573 834 635 commoti
862 593 933 636 esse
959 574 1090 655 Papius,
1119 578 1156 636 ut
1176 575 1208 636 in
1228 575 1363 638 lexicum

252 694 342 735 suum
369 678 490 737 nomina
512 663 700 738 Graecorum
726 678 876 750 exhibens
905 680 1012 739 urbem
1040 678 1125 739 illam
1156 681 1211 740 sub
1241 681 1362 740 nomine

252 772 429 861 I'ecyrdiov
449 780 616 857 insereret,
646 801 703 842 nec
732 800 794 843 non
816 780 852 843 Ο.
874 781 1070 843 Muellerus1
1092 784 1125 843 et
1146 781 1362 860 Dunekerus²,

250 883 287 942 ut
316 881 501 945 Teucrorum
532 885 681 946 coloniam
716 885 748 946 in
770 885 913 959 {Cumano
949 885 1047 946 fuisse
1084 889 1364 948 commemorarent.

252 985 343 1056 Quae
372 987 445 1048 urbs
481 991 626 1067 quantum
663 990 703 1050 ad
738 989 858 1050 fabulas
891 988 1090 1050 Troianorum
1118 991 1200 1078 inter
1228 987 1364 1051 Graecos

251 1090 494 1170 propagandas³
530 1093 596 1153 sine
628 1093 719 1153 dubio
755 1092 934 1168 contulerit,
972 1094 1033 1153 iam
1062 1093 1249 1154 Klausenius
1280 1096 1364 1155 recte

254 1196 454 1273 suspicatur4
480 1199 513 1256 et
534 1197 611 1258 mira
628 1197 758 1275 quadam
788 1195 959 1271 doctrina⁵,
982 1198 1035 1258 ubi
1056 1198 1094 1257 de
1116 1195 1269 1278 Sibyllis6
1289 1197 1364 1278 agit,

252 1297 481 1361 demonstrasse
503 1303 630 1362 conatus
652 1305 710 1376 est,
729 1301 838 1360 harum
853 1299 1055 1363 Cumaearum
1069 1297 1254 1379 Gergithum
1278 1301 1366 1380 quasi

251 1401 398 1462 beneficio
415 1404 571 1483 opiniones
587 1405 626 1466 de
641 1403 778 1485 Sibyllin,
802 1422 880 1484 quae
895 1423 970 1464 vere
991 1422 1027 1465 ac
1042 1405 1165 1484 proprie
1177 1403 1365 1466 Teucrorum

254 1507 403 1583 quaedam
437 1508 581 1569 mulieres
617 1508 782 1570 vaticiniae
820 1511 851 1568 et
884 1507 1026 1568 fatidicae
1065 1505 1202 1582 essent⁷,
1236 1507 1366 1588 Cymam

255 1609 401 1671 aeolicam
428 1612 460 1671 et
488 1612 558 1672 inde
586 1613 618 1673 in
640 1611 763 1672 Italiam
782 1611 895 1676 Cumas
927 1629 963 1672 ac
991 1611 1122 1688 denique
1144 1610 1274 1671 Romam
1296 1631 1367 1672 esse

254 1713 429 1775 translatae.
474 1715 576 1785 Quam
607 1715 778 1796 opinionem
805 1716 855 1775 vir
875 1715 1072 1776 doctissimus
1097 1714 1154 1775 sibi
1175 1715 1366 1775 defensatam

253 1818 373 1892 habeat,
396 1818 472 1880 nihil
491 1820 576 1880 valet
598 1820 638 1880 ad
661 1839 725 1880 rem
745 1821 891 1894 nostram,
911 1819 971 1878 nisi
990 1819 1072 1897 quod
1092 1818 1155 1879 illis
1179 1818 1217 1878 de
1239 1816 1368 1898 Sibyllin

255 1922 446 1999 opinionibus
470 1923 611 1986 Cumaeis
634 1920 835 2002 Gergithibus
863 1923 1016 1983 concessis
1046 1940 1102 1983 nos
1131 1941 1192 1981 non
1222 1921 1369 1983 audacter

256 2025 396 2086 videmur
418 2028 535 2106 putare,
560 2028 592 2087 in
612 2027 669 2087 hac
692 2028 766 2087 urbe
787 2045 882 2106 aeque
898 2030 989 2107 atque
1005 2026 1036 2087 in
1056 2025 1167 2086 ceteris
1182 2023 1370 2086 Teucrorum

258 2130 399 2204 urbibus,
422 2130 454 2190 id
478 2131 557 2210 quod
579 2149 672 2210 supra
692 2131 753 2191 iam
776 2131 941 2206 docuimus,
964 2130 1085 2191 fabulas
1103 2129 1186 2190 illius
1210 2131 1313 2208 gentis
1334 2148 1369 2191 ac

255 2233 447 2312 potissimum
469 2234 507 2294 de
530 2232 685 2295 Anchisae
707 2238 739 2296 et
760 2234 892 2295 Veneris
920 2253 1089 2314 congressu
1108 2233 1369 2294 narratiunculam

256 2338 433 2417 divulgatae
463 2358 499 2400 ac
527 2339 705 2399 notissimas
733 2339 838 2399 fuisse.
882 2339 1048 2400 Praeterea
1069 2338 1168 2398 animo
1192 2339 1241 2398 est
1262 2340 1368 2397 tenen-

257 2442 344 2517 dum,
373 2442 541 2506 Cumanum
570 2461 679 2521 agrum
710 2462 728 2502 e
755 2443 881 2522 regione
906 2442 973 2506 chii
1001 2442 1121 2503 insulae
1150 2444 1183 2503 et
1210 2461 1307 2520 prope
1328 2441 1369 2501 ad

257 2544 420 2626 Smyrnam
449 2545 540 2606 situm
564 2565 649 2621 esse,
679 2565 738 2626 quo
764 2547 796 2606 in
823 2546 951 2606 confinio
981 2546 1062 2606 inter
1083 2544 1196 2605 Aeoles
1223 2549 1257 2605 et
1275 2544 1368 2606 Iones

257 2649 383 2710 Homeri
411 2651 544 2711 carmina
564 2650 732 2729 composita
759 2669 829 2710 esse
852 2649 960 2712 Wolfii
981 2651 1014 2710 et
1036 2649 1223 2709 Lachmanni
1250 2667 1367 2709 eorum-

258 2773 331 2832 que,
363 2754 414 2833 qui
439 2755 496 2814 hos
521 2754 606 2814 viros
632 2754 824 2815 doctissimos
855 2754 952 2815 secuti
983 2761 1071 2829 sunt,
1104 2752 1368 2830 disquisitionibus

258 2857 379 2937 optimis
418 2859 450 2918 et
491 2857 670 2919 certissimis
712 2859 902 2936 argumentis
946 2857 1097 2917 firmatum
1136 2856 1209 2915 mihi
1244 2855 1370 2916 videtur

257 2979 336 3021 esse.
392 2961 543 3033 Quocirca
577 2982 617 3022 cx
650 2961 780 3022 dialecto
818 2981 936 3041 quoque
962 2960 1092 3021 Aeolum
1128 2960 1249 3020 illorum
1276 2956 1369 3020 Asia-

258 3082 365 3124 norum
387 3062 552 3126 Homerum
584 3064 746 3126 nonnullas
773 3066 902 3145 petiisse
925 3084 1019 3126 voces
1053 3082 1089 3124 ac
1115 3083 1226 3124 vocum
1255 3064 1369 3123 formas

332 3351 359 3420 1)
376 3347 499 3403 DorierI
515 3365 561 3418 pg.
579 3349 638 3404 222.

332 3453 360 3522 2)
378 3449 474 3507 Gesch.
494 3452 541 3506 des
558 3451 675 3508 Alterth.
695 3451 739 3506 ΠΙ
757 3451 866 3520 pg.150
883 3447 963 3503 Anm.

263 3557 268 3568 '
333 3556 360 3623 3)
379 3556 412 3610 In
430 3556 499 3610 hanc
518 3554 610 3610 urbem
630 3555 745 3625 quadrat
762 3553 863 3623 optime
881 3551 909 3607 id
928 3549 1197 3622 quodMiillenhofius
1217 3549 1249 3605 dc
1266 3549 1372 3605 Aenea·

261 3643 326 3696 dum
347 3642 459 3696 urbibus
476 3642 598 3698 omnibus
618 3642 685 3697 dicit
704 3641 848 3705 ,Deutsohe
866 3639 1132 3695 Alterthumslumde‘
1147 3638 1161 3691 I
1179 3655 1223 3707 pg.
1245 3639 1292 3694 18:
1313 3637 1373 3700 ‚Bei

263 3729 315 3783 den
333 3727 475 3783 Aeneaden
495 3728 556 3784 dari
571 3746 634 3783 man
646 3727 851 3797 haupts'a'cblich
875 3728 919 3781 die
938 3726 1032 3793 Qnelle
1051 3725 1167 3787 cuchen,
1188 3739 1236 3777 aus
1255 3723 1302 3777 der
1320 3724 1373 3777 den

264 3816 395 3872 Griechcn
413 3815 458 3869 die
483 3816 598 3871 troischc
618 3816 689 3886 Saga
705 3815 813 3879 zufloss,
832 3814 888 3868 und
900 3830 929 3867 es
947 3814 986 3866 ist
1002 3811 1078 3866 nicht
1097 3809 1289 3874 anzunebmen‚
1309 3810 1373 3864 dass

264 3903 337 3958 diese
353 3903 435 3958 ihnen
452 3907 508 3957 erst
526 3903 603 3958 einen
618 3901 821 3957 Stammhelden
839 3900 1020 3970 angedichtet,
1039 3897 1103 3954 oder
1116 3895 1180 3950 dass
1193 3897 1232 3950 sie
1251 3895 1309 3950 sich
1324 3895 1372 3949 ilm

265 3992 321 4044 erst
339 4007 387 4044 aus
406 3991 453 4045 der
470 3991 569 4061 griech.
592 3989 661 4059 Sego
680 3990 784 4043 erlesen
802 3989 858 4042 und
879 3986 1043 4056 ausgesucbt
1059 3981 1154 4038 haben.

334 4095 362 4163 4)
379 4096 397 4148 l.
416 4094 436 4147 l.
453 4094 525 4163 ng.
544 4095 587 4150 43.

335 4181 361 4251 5)
378 4181 397 4234 l.
415 4180 435 4234 l.
454 4180 469 4233 Ι
484 4197 528 4249 pg.
544 4179 691 4234 roa-312.

336 4267 363 4334 6)
382 4265 413 4320 Ο.
431 4267 531 4320 Miiller
548 4265 644 4322 Dorier
661 4266 677 4318 I
694 4267 815 4336 pg.222;
835 4265 931 4318 Snidas
951 4281 972 4316 s.
988 4279 1013 4316 v.
1032 4261 1175 4328 Σίβυλλαι.

267 4360 271 4424 ζ
339 4354 365 4422 7)
384 4353 510 4408 Dunclrer
529 4352 624 4408 Gasch.
644 4353 691 4406 des
706 4351 822 4406 Alterth.
840 4350 885 4403 111
902 4366 947 4418 pg.
959 4351 1006 4404 151
1026 4347 1098 4402 idem
1113 4349 1201 4416 putat.
