3082 4936
583 332 800 390 ..21-

129 519 153 579 I.
175 521 279 580 autem
300 516 462 578 Bekkerus
486 515 551 593 (11.
574 534 625 595 pg.
643 518 717 590 148)
739 515 799 576 iam
818 515 903 576 recte
921 514 1009 577 affert
1023 536 1042 578 a
1055 537 1116 579 non
1128 519 1239 580 minori

127 642 277 684 versuum
299 638 424 682 numero
447 619 614 700 spondeum
635 618 741 700 quinta
763 619 837 679 sede
860 638 953 700 posse
975 623 1104 697 moveri,
1138 623 1164 683 si
1181 643 1237 703 pro

130 720 235 788 oldaia
267 743 347 786 voce
368 726 462 785 forma
491 725 572 784 bona
599 715 685 784 ἰδυῖα
708 723 877 798 scribatur,
909 726 981 784 ante
1002 744 1092 806 qnam
1112 728 1239 806 propter

130 832 319 911 digammum
355 828 469 890 initiale
494 827 611 888 vocalis
644 827 801 908 proximae
824 829 909 889 vocis
939 828 1047 890 ultima
1078 829 1238 891 obiiciatur

131 955 262 996 necesse
289 953 347 994 non
370 935 433 1007 est,
465 951 555 1011 porro
580 931 606 992 si
626 931 657 992 in
679 930 807 992 vocibus
830 920 874 1006 εδ,
898 932 986 1007 παῖς,
999 924 1237 1015 Ἀργειφόντης,

133 1029 358 1121 ἀυδρειφόυεῃς
391 1035 574 1116 diphthongi
611 1035 643 1096 in
668 1035 745 1097 duas
775 1036 899 1098 vocales
932 1035 1149 1098 dissolvantur.
1201 1036 1239 1100 Iu

133 1143 245 1224 hymno
275 1144 379 1202 nostro
409 1143 535 1201 exstant
558 1145 597 1201 27
623 1159 734 1201 versus
758 1141 922 1220 spondaioi.
967 1138 1014 1202 Ac
1035 1144 1127 1221 puto,
1158 1143 1239 1223 quod

132 1246 274 1308 Bekkero
303 1245 334 1306 in
365 1242 491 1306 Homeri
513 1243 697 1305 carminibus
720 1243 856 1319 licuerit,
889 1244 920 1304 id
945 1245 1033 1305 nobis
1064 1245 1095 1305 in
1125 1246 1237 1327 hymno

133 1339 363 1434 ὁμηρικιυεδυῃ
378 1348 537 1410 itentidem
560 1348 661 1410 licere,
689 1348 793 1420 Quare
816 1347 941 1410 coniicio
962 1348 993 1408 in
1008 1348 1150 1411 rersssrus
1168 1354 1238 1411 117.

137 1459 209 1516 121.
239 1458 309 1515 129.
340 1457 410 1514 213.
435 1457 506 1514 262.
529 1453 654 1514 ultimae
674 1452 744 1513 voci
758 1439 982 1536 Ἀργειφόντης
997 1453 1130 1534 quinque
1145 1454 1239 1534 sylla-

135 1561 193 1620 bas
215 1579 284 1620 esse
305 1557 484 1618 tribuendas
504 1593 545 1601 -
562 1557 595 1617 id
612 1556 693 1638 quod
713 1556 859 1617 librorum
876 1556 1150 1637 manuscriptorum
1166 1558 1238 1619 scri-

131 1665 223 1743 ptura
234 1665 382 1743 perpetua
397 1661 429 1722 in
441 1661 541 1722 madio
555 1660 745 1742 relinquitur.
767 1659 857 1724 Unde
872 1659 1011 1736 efficitur,
1033 1663 1068 1722 ut
1082 1660 1113 1722 hi
1129 1681 1238 1722 versus

130 1766 273 1828 desinant
294 1787 365 1828 esse
388 1764 552 1846 spondaioi.
589 1762 697 1846 Aeque
719 1764 751 1825 in
770 1785 799 1825 v.
822 1767 863 1825 44
885 1766 959 1845 puto
982 1783 1052 1826 esse
1075 1765 1240 1845 legendum

129 1865 224 1932 κεδνὰ
248 1863 352 1932 ἰδυῖαν
376 1869 593 1950 (provulgata
615 1868 745 1930 lectione
767 1856 845 1930 aedv'
867 1861 1000 1946 εἰδυῖαν)
1022 1871 1054 1929 et
1076 1869 1107 1929 in
1127 1891 1156 1930 v.
1177 1874 1239 1932 134

128 1970 223 2037 κεδυδ
253 1966 337 2058 ἰδυίῃ
364 1977 431 2054 (pro
462 1974 592 2052 vulgata
612 1973 743 2034 lectione
762 1969 841 2033 aedv’
864 1964 986 2055 εἰδυίῃ).
1032 1973 1118 2044 Quas
1142 1978 1239 2035 muta-

129 2079 232 2141 tiones
271 2097 382 2140 vocum
416 2071 539 2139 εἰδυῖαν
572 2081 603 2138 et
627 2069 727 2160 εἰδυίῃ
761 2077 823 2137 iam
849 2077 1007 2157 proposuit
1038 2075 1238 2141 Hoffmannus

130 2184 163 2261 (l.
178 2184 199 2244 l.
221 2183 254 2244 Π
268 2203 321 2264 pg.
338 2183 421 2260 188),
442 2200 624 2264 quamquam
636 2180 727 2242 nimia
742 2180 888 2260 digammi
905 2180 1096 2242 affectatione
1108 2201 1238 2244 commo-

131 2289 184 2348 tus
213 2291 276 2362 est,
309 2289 345 2348 ut
372 2288 504 2348 mutaret
534 2285 618 2346 nulla
648 2284 709 2346 alia
738 2284 843 2345 addita
870 2303 965 2345 cansa
990 2284 1049 2346 nisi
1081 2286 1233 2364 digammi.

131 2393 256 2455 Htenim
283 2392 335 2452 ille
361 2426 404 2436 —
432 2391 462 2452 id
492 2390 572 2472 qnod
602 2389 681 2450 intra
709 2388 808 2450 fusius
831 2407 983 2469 exponam
1003 2423 1045 2434 -
1068 2409 1173 2452 veram
1196 2392 1239 2453 di-

8 2507 9 2510 ’
133 2498 245 2579 gamini
267 2497 417 2569 naturam,
437 2494 535 2578 qualis
556 2493 596 2554 sit
608 2494 690 2575 apud
703 2492 871 2554 Homerum
887 2513 923 2555 ao
938 2497 1047 2574 poetas
1063 2495 1240 2572 homericos,

135 2621 285 2685 quamque
307 2600 452 2681 primus1,
475 2599 575 2681 quoad
598 2599 669 2674 scio,
692 2596 751 2678 Gg.
776 2599 901 2662 Curtius
924 2599 1026 2660 docuit
1049 2599 1098 2678 (of.
1120 2597 1241 2662 Grund-

141 2711 221 2786 z'dge
242 2707 297 2766 der
315 2705 433 2784 grieoh.
451 2702 626 2784 Etymolog.
652 2708 679 2765 3.
695 2701 774 2763 Aue.
798 2706 880 2764 1869
904 2722 956 2783 pg.
969 2706 1032 2764 510
1052 2706 1083 2764 et
1106 2705 1243 2784 saepius)

135 2816 168 2871 ot
199 2812 269 2891 post
301 2829 368 2870 enm
393 2808 528 2870 uberius·
547 2807 691 2888 exposuit
721 2805 938 2882 Ιυεείεἰευίυε,8
969 2826 1030 2868 non
1061 2809 1136 2870 satis
1159 2811 1243 2870 recte

9 2939 10 2944 ¹
138 2913 259 2974 videtur
291 2913 496 2994 perspexisse.
541 2910 635 2972 Videt
672 2911 751 2972 enim
787 2910 873 2972 illam
905 2911 1083 2987 ,aeolioam‘
1109 2913 1244 2974 litteram

140 3017 270 3097 saepius,
293 3017 345 3078 ubi
368 3020 421 3078 aut
440 3035 500 3076 non
514 3015 574 3076 iam
591 3017 658 3076 erat
673 3017 728 3076 aut
742 3015 861 3076 omnino
876 3034 1031 3097 nunquam
1044 3015 1109 3077 fuit.
1138 3016 1243 3087 Quare

139 3122 341 3197 factumest,
372 3122 408 3181 ut
429 3119 629 3182 Hoffmannns
658 3118 787 3199 (1111.
809 3139 860 3199 pg.
879 3119 954 3196 188)
978 3119 1009 3180 in
1031 3140 1059 3180 v.
1085 3124 1145 3182 136
1170 3121 1243 3182 eori-

137 3229 211 3286 bere
225 3224 319 3286 vellet
334 3215 416 3286 ἀλλὰ
438 3215 534 3299 ἰκυῖα,
550 3242 731 3305 quamquam
745 3223 834 3284 radix
849 3216 881 3284 ἰκ
897 3215 1041 3303 (elota-o)
1058 3224 1244 3303 digammum

139 3330 259 3392 omnino
289 3347 350 3390 non
373 3328 465 3389 habet
488 3363 528 3372 —
553 3330 636 3390 errat
658 3327 682 3388 Ι.
705 3327 866 3388 Bekkerus
889 3347 1008 3409 qnoque
1030 3328 1068 3389 de
1089 3328 1146 3388 hac
1168 3349 1244 3390 voce

138 3435 352 3514 l.l.pg.136.
395 3430 456 3493 Sed
479 3433 517 3493 de
539 3434 596 3494 hoe
618 3433 684 3494 loco
709 3433 785 3494 infra
808 3431 1085 3513 plura-afferamus,
1108 3451 1142 3494 ac
1160 3434 1244 3494 totns

138 3539 225 3599 locus
246 3537 372 3617 insuper
392 3539 553 3616 corruptus
576 3555 645 3598 esse
667 3536 741 3598 mihi
759 3536 889 3597 videtur.

226 3640 306 3702 Huic
335 3641 373 3702 de
395 3639 561 3702 mutatione
583 3641 786 3721 spondeorum
806 3642 838 3702 et
860 3641 1052 3722 dactylorum
1074 3642 1245 3722 quaestioni

140 3746 212 3806 lieet
238 3745 364 3823 affigere
392 3743 601 3824 quaestionem
632 3743 670 3804 de
694 3764 840 3805 versuum
862 3745 957 3820 exitu,
980 3745 1096 3826 dequo
1120 3746 1245 3807 disserit

140 3847 165 3910 I.
188 3848 347 3909 Bekkerus
370 3848 401 3924 (l.
421 3847 440 3907 l.
455 3867 507 3927 pg.
524 3847 608 3924 148).
651 3847 750 3909 Docet
766 3849 847 3909 enim
861 3846 922 3924 ille,
944 3850 982 3910 ab
1000 3848 1131 3911 Homero
1145 3850 1245 3911 claudi

139 3971 265 4014 versum
295 3969 371 4012 voce
404 3947 565 4032 trisyllaba
584 3951 635 4011 vel
658 3950 819 4032 bisyllaba,
842 3953 942 4013 rarius
961 3952 1172 4034 monosyllaba
1193 3954 1244 4014 vol

141 4054 344 4136 tetrasyllaba
364 4055 415 4116 vel
434 4074 519 4132 voce,
541 4075 619 4138 quae
642 4055 774 4137 quinque
796 4062 849 4118 aut
870 4075 926 4117 sex
948 4060 1001 4119 aut
1024 4061 1141 4138 septem
1154 4057 1245 4118 habet

214 4223 239 4292 1)
257 4221 397 4277 Windiseh
415 4223 462 4278 Ll.
477 4240 523 4293 pg.
534 4225 559 4279 2.

212 4309 239 4378 2)
257 4307 407 4374 Rationem,
430 4325 509 4378 quam
531 4311 552 4364 I.
571 4309 675 4366 Beklrer
693 4309 722 4364 in
738 4309 905 4364 restituendo
920 4307 1054 4378 digammo
1072 4311 1178 4364 secutus
1195 4311 1244 4373 est,

144 4392 306 4450 examinavit
322 4395 369 4452 Dr.
386 4395 417 4449 A.
437 4394 559 4460 Leakien,
575 4395 649 4466 Lips.
668 4397 743 4452 1866.
