3082 4936
599 313 815 372 -57-

150 502 259 582 magni
295 502 339 563 dii
371 501 509 563 habitare
541 501 735 581 putabantur.
778 501 826 562 Ile
853 500 902 563 his
936 501 995 563 diis
1018 502 1203 564 Lobeokium
1233 505 1265 564 in

151 607 369 688 Aglaophamo
387 624 504 667 summa
518 625 587 666 cum
602 605 739 666 doctrina
760 606 877 667 dixisse
897 627 984 668 nemo
1000 608 1129 686 ignorat.
1160 607 1264 677 Quare

152 713 185 774 id
200 712 284 794 quod
298 711 347 772 vir
369 710 421 771 ille
443 709 637 770 doctissimus
661 709 763 772 docuit
783 711 922 793 quodque
944 732 1025 772 nunc
1043 731 1168 792 perora
1188 716 1263 775 tam-

155 835 249 899 quam
271 816 409 877 virorum
446 814 604 875 doctorum
632 820 809 892 grassatur,
845 816 933 897 quasi
971 817 1176 878 fundamentis
1212 816 1263 878 fir-

157 922 303 983 missimis
323 919 479 981 conditum
499 920 531 979 et
554 921 743 997 argumentis
767 922 842 982 satis
860 923 1008 1000 gravibus
1024 923 1265 984 demonstratum

160 1028 265 1086 nostro
291 1025 358 1085 iure
389 1024 476 1084 nobis
507 1040 670 1082 sumamus.
714 1022 821 1085 Missis
849 1025 945 1105 igitur
973 1026 1203 1106 quaestionibus
1227 1025 1265 1086 de

161 1131 219 1192 diis
236 1128 452 1191 Samothracae
469 1127 692 1208 solemnissime
714 1129 805 1190 cultis
826 1129 857 1190 id
880 1149 975 1191 unum
997 1150 1067 1192 oum
1081 1129 1267 1192 Klauseniol

159 1239 190 1297 et
205 1231 355 1314 Engelio⁹
375 1251 431 1312 pro
455 1233 539 1292 certo
556 1231 786 1310 affirmaverim,
811 1234 894 1294 inter
908 1238 1012 1296 cetera
1035 1233 1267 1297 Samothracum

160 1342 286 1402 numina
330 1357 478 1400 summam
514 1339 636 1401 illorum
673 1341 761 1402 deam
798 1359 866 1401 cnm
899 1343 996 1402 matre
1033 1339 1127 1401 Idaea
1172 1342 1266 1422 (apud

163 1443 311 1504 Troianos
344 1443 438 1520 culta)
473 1444 524 1504 vel
557 1463 625 1504 oum
654 1444 847 1525 Dindymene
875 1447 972 1506 matre
1003 1444 1096 1524 (apud
1125 1445 1266 1526 Phryges

166 1549 258 1625 culta)
287 1567 355 1609 esse
386 1547 558 1624 confusam,
589 1548 701 1629 quippe
729 1569 822 1631 quum
851 1567 964 1628 magna
993 1549 1156 1610 similitudo
1186 1550 1269 1612 inter

165 1655 219 1714 has
257 1653 332 1714 deas
370 1652 559 1713 intercedere
589 1653 740 1714 videatur.
803 1653 873 1726 Quo
907 1674 981 1716 vero
1021 1655 1141 1715 nomine
1179 1655 1268 1716 deam

163 1755 378 1820 Samothracae
400 1761 550 1836 magnam'
565 1759 672 1819 notare
694 1759 789 1834 velis,
816 1758 1024 1821 Axiokcrsam
1053 1759 1104 1819 vel
1127 1760 1268 1822 Cererem

162 1863 212 1924 vel
234 1856 358 1945 μητέρα
380 1848 505 1943 ὀρείαν3
529 1862 581 1922 vel
603 1861 772 1923 Venerem⁴
790 1864 903 1944 ipsam,
922 1883 984 1924 non
1006 1864 1111 1942 magni
1134 1869 1182 1924 est
1204 1883 1267 1925 mo-

161 1968 269 2042 menti,
292 1966 434 2047 quoniam
454 1986 494 2028 ex
515 1985 583 2027 mea
605 1967 727 2048 quidem
750 1968 891 2048 opinione
919 1968 958 2028 de
981 1966 1192 2028 coniunctione
1215 1968 1267 2030 vel

163 2072 265 2151 potius
288 2071 460 2132 secessione
482 2071 591 2131 harum
620 2072 746 2132 dearum
774 2072 903 2153 perditis
925 2075 1066 2133 veterum
1085 2072 1269 2133 testimoniis

163 2177 255 2238 certis
278 2174 439 2254 explorate
463 2174 591 2236 iudicari
613 2177 727 2257 nequit.
759 2174 821 2238 Sed
843 2179 1030 2258 quambene
1052 2179 1176 2237 veteres
1196 2196 1269 2258 quo·

159 2301 218 2362 que
253 2279 419 2359 scriptores
450 2276 679 2341 Samothracam
714 2283 745 2341 et
772 2279 879 2341 Asiam
915 2279 1061 2342 minorem
1092 2281 1269 2342 coniunctas

163 2385 259 2446 fuisse
283 2384 512 2464 perspexerint,
533 2384 624 2446 testis
647 2391 695 2446 est
717 2383 893 2466 Stephanus
915 2385 1100 2468 Byzantius,
1131 2385 1183 2466 qui
1213 2387 1269 2447 sub

161 2480 384 2572 νοω-Ἀρίσβῃ
402 2488 479 2549 haee
503 2489 614 2550 tradit:
639 2481 803 2575 Κεφάλων
826 2481 861 2552 δέ
885 2508 996 2574 φησιν,
1028 2484 1078 2553 ὅτι
1100 2478 1271 2573 Δάρδανος

157 2582 227 2660 ἀπὸ
255 2583 474 2677 Σαμοθρᾴκης
500 2587 608 2655 ἐλθών
636 2587 684 2669 εἰς
714 2591 771 2678 τὴν
796 2589 935 2679 Τρωάδα
964 2589 1019 2678 τὴν
1047 2584 1186 2677 Τεύκρου
1211 2592 1270 2655 τοῦ

158 2693 290 2782 Κρητὸς
313 2692 477 2782 θυγατέρα
500 2697 596 2779 γαμεῖ
607 2689 768 2783 Ἀρίσβην.
813 2699 856 2760 Et
870 2695 1066 2774 Pausanias5,
1089 2696 1269 2773 Diodorusl,

159 2802 369 2884 Lycophron⁷
412 2803 556 2877 tradunt,
598 2800 829 2865 Samothracam
857 2804 988 2883 pristino
1028 2809 1164 2883 tempore
1192 2802 1270 2863 Dar-

46 2893 50 2902 ’
161 2909 282 2968 daniam
303 2927 372 2968 esse
394 2907 507 2967 dietam
527 2908 558 2966 et
578 2906 771 2983 Dardanum,
795 2907 939 2969 Electrae
962 2906 1073 2983 filium,
1096 2906 1266 2988 ePhrygia

161 3013 193 3073 in
231 3012 365 3072 insulam
391 3009 620 3072 Samothracam
654 3011 806 3090 migrasse
836 3013 937 3092 ibique
968 3029 1133 3090 regnasse,
1162 3013 1271 3091 postea

161 3136 235 3178 vero
252 3117 284 3177 in
302 3114 452 3177 Troadem
466 3115 617 3194 migrasse
633 3115 752 3196 ibiqne⁸
774 3135 905 3195 regnum
925 3117 1055 3176 troicum
1073 3113 1271 3177 condidisset

162 3221 250 3292 Quae
273 3220 521 3282 narratiunculae
549 3219 625 3280 nihil
655 3219 739 3280 alind
763 3220 939 3300 significant
960 3220 1021 3281 nisi
1042 3217 1271 3281 Samothracam

160 3345 229 3386 cum
251 3323 328 3385 Asia
349 3324 480 3401 minore,
511 3325 704 3404 potissimum
733 3346 802 3386 cum
825 3325 945 3386 Troade
969 3325 1147 3386 commercio
1175 3325 1272 3386 fuisse

158 3429 360 3490 coniunctam.
406 3427 463 3488 His
494 3430 647 3490 concessis
677 3430 766 3491 facile
795 3429 917 3490 illorum
940 3428 1106 3508 religiones
1128 3429 1271 3490 confundi

164 3533 303 3614 potuisse
327 3535 463 3613 apparet.

227 3703 252 3770 1)
271 3702 290 3754 l.
310 3701 329 3754 l.
349 3701 363 3755 I
381 3715 427 3769 pg.
447 3700 490 3754 30.

230 3788 257 3856 2)
276 3789 295 3842 l.
314 3788 332 3840 l.
351 3803 396 3856 pg.
418 3786 466 3841 197
485 3802 544 3855 sqq.
565 3788 593 3840 et
610 3787 662 3842 310
681 3803 739 3856 sqq.

229 3875 256 3944 3)
274 3873 388 3928 Lobeck.
405 3872 583 3942 Aglaopharn.
602 3889 647 3942 pg.
666 3874 734 3928 1225
751 3890 810 3943 sqq.

229 3962 257 4031 4)
275 3961 382 4016 Plinius
398 3962 433 4015 Η.
453 3960 487 4014 Ν.
508 3961 533 4014 V
551 3961 567 4028 ὅ
587 3962 621 4016 18
640 3991 672 4000 -
691 3961 725 4016 of.
745 3961 862 4015 Lobeck.
880 3959 1013 4031 Aglaoph.
1030 3976 1077 4030 pg.
1096 3962 1173 4017 1227.

231 4049 257 4117 5)
276 4049 335 4113 VII,
352 4051 378 4112 4,
397 4050 421 4104 3.

232 4135 259 4204 6)
279 4135 311 4199 V,
328 4136 371 4190 48.
389 4135 430 4198 51.

234 4224 259 4291 7)
276 4239 300 4275 v.
319 4222 360 4275 13.

234 4310 261 4378 8)
279 4307 392 4363 Lobcck.
404 4307 535 4378 Aglaoph.
551 4310 669 4378 saepius,
690 4323 729 4361 ex.
747 4324 787 4376 gr.
808 4307 944 4375 pg 1220.
970 4306 1058 4362 Schol.
1072 4307 1161 4376 Apoll.
1174 4308 1195 4373 I,
1212 4308 1273 4364 913.

237 4397 264 4467 9)
288 4395 375 4450 Schol.
394 4393 428 4450 ad
445 4395 523 4453 Iliad
543 4417 566 4460 o,
586 4398 651 4460 215;
670 4393 778 4450 Diodor.
798 4394 831 4458 V,
849 4394 891 4448 47.
