<?xml version="1.0" encoding="UTF-8"?>
<!DOCTYPE html PUBLIC "-//W3C//DTD XHTML 1.0 Transitional//EN"
    "http://www.w3.org/TR/xhtml1/DTD/xhtml1-transitional.dtd">
<html xmlns="http://www.w3.org/1999/xhtml" xml:lang="en" lang="en">
 <head>
  <title>
</title>
<meta http-equiv="Content-Type" content="text/html;charset=utf-8" />
  <meta name='ocr-system' content='tesseract 3.04.00' />
  <meta name='ocr-capabilities' content='ocr_page ocr_carea ocr_par ocr_line ocrx_word'/>
</head>
<body>
  <div class='ocr_page' id='page_1' title='image "./prolegomenaadhy01thiegoog_0054.png"; bbox 0 0 3082 4936; ppageno 0'>
   <div class='ocr_carea' id='block_1_1' title="bbox 632 314 847 374">
    <p class='ocr_par' dir='ltr' id='par_1_1' title="bbox 632 314 847 374">
     <span class='ocr_line' id='line_1_1' title="bbox 632 314 847 374; baseline 0.009 -16"><span class='ocrx_word' id='word_1_1' title='bbox 632 314 847 374; x_wconf 64' lang='lat'>..45-</span> 
     </span>
    </p>
   </div>
   <div class='ocr_carea' id='block_1_2' title="bbox 178 502 1348 2356">
    <p class='ocr_par' dir='ltr' id='par_1_2' title="bbox 178 502 1247 584">
     <span class='ocr_line' id='line_1_2' title="bbox 178 502 1247 584; baseline 0.001 -21"><span class='ocrx_word' id='word_1_2' title='bbox 178 535 224 546; x_wconf 92' lang='lat'><em>-</em></span> <span class='ocrx_word' id='word_1_3' title='bbox 252 520 438 584; x_wconf 89' lang='lat' dir='ltr'>quamquam</span> <span class='ocrx_word' id='word_1_4' title='bbox 461 519 521 562; x_wconf 89' lang='lat' dir='ltr'>non</span> <span class='ocrx_word' id='word_1_5' title='bbox 542 519 622 580; x_wconf 86' lang='lat' dir='ltr'>nego</span> <span class='ocrx_word' id='word_1_6' title='bbox 644 502 702 561; x_wconf 92' lang='lat' dir='ltr'>hoo</span> <span class='ocrx_word' id='word_1_7' title='bbox 724 519 780 581; x_wconf 89' lang='lat' dir='ltr'>per</span> <span class='ocrx_word' id='word_1_8' title='bbox 799 520 901 562; x_wconf 86' lang='lat' dir='ltr'>casum</span> <span class='ocrx_word' id='word_1_9' title='bbox 924 505 1037 564; x_wconf 83' lang='lat' dir='ltr'>laetum</span> <span class='ocrx_word' id='word_1_10' title='bbox 1055 523 1125 566; x_wconf 84' lang='lat' dir='ltr'>esse</span> <span class='ocrx_word' id='word_1_11' title='bbox 1146 523 1247 584; x_wconf 91' lang='lat' dir='ltr'>posse.</span> 
     </span>
    </p>

    <p class='ocr_par' dir='ltr' id='par_1_3' title="bbox 178 604 1348 1940">
     <span class='ocr_line' id='line_1_3' title="bbox 275 604 1296 690; baseline 0.002 -22"><span class='ocrx_word' id='word_1_12' title='bbox 275 605 320 668; x_wconf 85' lang='lat' dir='ltr'>At</span> <span class='ocrx_word' id='word_1_13' title='bbox 342 607 381 668; x_wconf 90' lang='lat' dir='ltr'>ad</span> <span class='ocrx_word' id='word_1_14' title='bbox 400 604 570 668; x_wconf 81' lang='lat' dir='ltr'><strong>Hesiodum</strong></span> <span class='ocrx_word' id='word_1_15' title='bbox 591 623 710 687; x_wconf 90' lang='lat' dir='ltr'>quoqne</span> <span class='ocrx_word' id='word_1_16' title='bbox 732 605 838 685; x_wconf 78' lang='lat' dir='ltr'>paucis</span> <span class='ocrx_word' id='word_1_17' title='bbox 861 605 892 667; x_wconf 92' lang='lat' dir='ltr'>in</span> <span class='ocrx_word' id='word_1_18' title='bbox 912 608 1004 668; x_wconf 88' lang='lat' dir='ltr'>rebus</span> <span class='ocrx_word' id='word_1_19' title='bbox 1026 608 1157 689; x_wconf 83' lang='lat' dir='ltr'>hymnus</span> <span class='ocrx_word' id='word_1_20' title='bbox 1171 607 1296 690; x_wconf 89' lang='lat' dir='ltr'>propius</span> 
     </span>
     <span class='ocr_line' id='line_1_4' title="bbox 178 709 1297 792; baseline 0.002 -22"><span class='ocrx_word' id='word_1_21' title='bbox 178 711 314 772; x_wconf 87' lang='lat' dir='ltr'>accedit.</span> <span class='ocrx_word' id='word_1_22' title='bbox 359 709 482 772; x_wconf 86' lang='lat' dir='ltr'>Etenim</span> <span class='ocrx_word' id='word_1_23' title='bbox 505 711 573 791; x_wconf 92' lang='lat' dir='ltr'>quis</span> <span class='ocrx_word' id='word_1_24' title='bbox 595 711 645 770; x_wconf 89' lang='lat' dir='ltr'>est</span> <span class='ocrx_word' id='word_1_25' title='bbox 660 710 732 791; x_wconf 91' lang='lat' dir='ltr'>quin</span> <span class='ocrx_word' id='word_1_26' title='bbox 744 709 856 786; x_wconf 87' lang='lat' dir='ltr'>videat,</span> <span class='ocrx_word' id='word_1_27' title='bbox 878 711 1084 792; x_wconf 78' lang='lat' dir='ltr'><strong>compluribus</strong></span> <span class='ocrx_word' id='word_1_28' title='bbox 1096 712 1173 774; x_wconf 86' lang='lat' dir='ltr'>locis</span> <span class='ocrx_word' id='word_1_29' title='bbox 1188 712 1297 790; x_wconf 87' lang='lat' dir='ltr'>(veluti</span> 
     </span>
     <span class='ocr_line' id='line_1_5' title="bbox 179 813 1296 897; baseline 0.001 -21"><span class='ocrx_word' id='word_1_30' title='bbox 179 815 273 877; x_wconf 87' lang='lat' dir='ltr'>initio</span> <span class='ocrx_word' id='word_1_31' title='bbox 297 815 404 897; x_wconf 86' lang='lat' dir='ltr'><strong>hymni</strong></span> <span class='ocrx_word' id='word_1_32' title='bbox 423 815 454 876; x_wconf 92' lang='lat' dir='ltr'>in</span> <span class='ocrx_word' id='word_1_33' title='bbox 477 813 685 876; x_wconf 90' lang='lat' dir='ltr'>describendis</span> <span class='ocrx_word' id='word_1_34' title='bbox 700 815 799 876; x_wconf 88' lang='lat' dir='ltr'>tribus</span> <span class='ocrx_word' id='word_1_35' title='bbox 817 815 933 877; x_wconf 80' lang='lat' dir='ltr'>deabus</span> <span class='ocrx_word' id='word_1_36' title='bbox 948 835 966 877; x_wconf 88' lang='lat' dir='ltr'>a</span> <span class='ocrx_word' id='word_1_37' title='bbox 979 815 1102 878; x_wconf 80' lang='lat' dir='ltr'>Venere</span> <span class='ocrx_word' id='word_1_38' title='bbox 1117 835 1178 880; x_wconf 91' lang='lat' dir='ltr'>non</span> <span class='ocrx_word' id='word_1_39' title='bbox 1191 816 1296 892; x_wconf 83' lang='lat' dir='ltr'>vietis)</span> 
     </span>
     <span class='ocr_line' id='line_1_6' title="bbox 182 917 1297 1004; baseline 0.002 -24"><span class='ocrx_word' id='word_1_40' title='bbox 182 922 309 1000; x_wconf 87' lang='lat' dir='ltr'>poetam</span> <span class='ocrx_word' id='word_1_41' title='bbox 332 919 459 981; x_wconf 89' lang='lat' dir='ltr'>consilio</span> <span class='ocrx_word' id='word_1_42' title='bbox 479 917 673 980; x_wconf 86' lang='lat' dir='ltr'>artificiosius</span> <span class='ocrx_word' id='word_1_43' title='bbox 689 936 724 980; x_wconf 89' lang='lat' dir='ltr'>ao</span> <span class='ocrx_word' id='word_1_44' title='bbox 739 919 863 999; x_wconf 88' lang='lat' dir='ltr'>putride</span> <span class='ocrx_word' id='word_1_45' title='bbox 877 939 947 981; x_wconf 90' lang='lat' dir='ltr'>esse</span> <span class='ocrx_word' id='word_1_46' title='bbox 962 921 1097 985; x_wconf 89' lang='lat' dir='ltr'>locutum</span> <span class='ocrx_word' id='word_1_47' title='bbox 1113 941 1241 1004; x_wconf 85' lang='lat' dir='ltr'>eumque</span> <span class='ocrx_word' id='word_1_48' title='bbox 1256 941 1297 982; x_wconf 86' lang='lat' dir='ltr'>ex</span> 
     </span>
     <span class='ocr_line' id='line_1_7' title="bbox 183 1023 1348 1107; baseline -0.001 -23"><span class='ocrx_word' id='word_1_49' title='bbox 183 1043 272 1088; x_wconf 88' lang='lat' dir='ltr'>more</span> <span class='ocrx_word' id='word_1_50' title='bbox 293 1023 423 1086; x_wconf 82' lang='lat' dir='ltr'>Hesiodi</span> <span class='ocrx_word' id='word_1_51' title='bbox 442 1023 664 1085; x_wconf 89' lang='lat' dir='ltr'>sententiarum</span> <span class='ocrx_word' id='word_1_52' title='bbox 684 1027 862 1102; x_wconf 78' lang='lat' dir='ltr'>argutarum</span> <span class='ocrx_word' id='word_1_53' title='bbox 875 1026 1013 1086; x_wconf 90' lang='lat' dir='ltr'>acumine</span> <span class='ocrx_word' id='word_1_54' title='bbox 1037 1027 1172 1107; x_wconf 80' lang='lat' dir='ltr'>gaudere</span> <span class='ocrx_word' id='word_1_55' title='bbox 1189 1024 1298 1104; x_wconf 82' lang='lat' dir='ltr'>(veluti</span> <span class='ocrx_word' id='word_1_56' title='bbox 1346 1077 1348 1083; x_wconf 36' lang='lat'><em>2</em></span> 
     </span>
     <span class='ocr_line' id='line_1_8' title="bbox 182 1126 1296 1205; baseline 0 -16"><span class='ocrx_word' id='word_1_57' title='bbox 182 1129 217 1189; x_wconf 92' lang='lat' dir='ltr'>in</span> <span class='ocrx_word' id='word_1_58' title='bbox 242 1129 379 1190; x_wconf 85' lang='lat' dir='ltr'>oratione</span> <span class='ocrx_word' id='word_1_59' title='bbox 401 1126 556 1190; x_wconf 85' lang='lat' dir='ltr'>Anchisae</span> <span class='ocrx_word' id='word_1_60' title='bbox 577 1127 648 1188; x_wconf 91' lang='lat' dir='ltr'>inde</span> <span class='ocrx_word' id='word_1_61' title='bbox 671 1145 690 1188; x_wconf 91' lang='lat' dir='ltr'>a</span> <span class='ocrx_word' id='word_1_62' title='bbox 710 1146 804 1189; x_wconf 81' lang='lat' dir='ltr'>versu</span> <span class='ocrx_word' id='word_1_63' title='bbox 824 1129 899 1205; x_wconf 78' lang='lat'><strong>145)</strong></span> <span class='ocrx_word' id='word_1_64' title='bbox 922 1148 979 1191; x_wconf 91' lang='lat' dir='ltr'>nec</span> <span class='ocrx_word' id='word_1_65' title='bbox 1001 1148 1061 1191; x_wconf 91' lang='lat' dir='ltr'>non</span> <span class='ocrx_word' id='word_1_66' title='bbox 1084 1149 1155 1192; x_wconf 90' lang='lat' dir='ltr'>eum</span> <span class='ocrx_word' id='word_1_67' title='bbox 1168 1129 1296 1191; x_wconf 88' lang='lat' dir='ltr'>subinde</span> 
     </span>
     <span class='ocr_line' id='line_1_9' title="bbox 183 1230 1297 1316; baseline 0 -22"><span class='ocrx_word' id='word_1_68' title='bbox 183 1233 298 1294; x_wconf 91' lang='lat' dir='ltr'>dooere</span> <span class='ocrx_word' id='word_1_69' title='bbox 322 1230 430 1312; x_wconf 83' lang='lat' dir='ltr'>(veluti</span> <span class='ocrx_word' id='word_1_70' title='bbox 450 1231 482 1292; x_wconf 92' lang='lat' dir='ltr'>in</span> <span class='ocrx_word' id='word_1_71' title='bbox 504 1251 555 1292; x_wconf 71' lang='lat' dir='ltr'>vv,</span> <span class='ocrx_word' id='word_1_72' title='bbox 571 1235 614 1293; x_wconf 88' lang='grc'>40</span> <span class='ocrx_word' id='word_1_73' title='bbox 634 1252 707 1314; x_wconf 82' lang='lat' dir='ltr'>sqq,</span> <span class='ocrx_word' id='word_1_74' title='bbox 733 1236 771 1294; x_wconf 87' lang='grc'>97</span> <span class='ocrx_word' id='word_1_75' title='bbox 790 1253 853 1314; x_wconf 91' lang='lat' dir='ltr'>sqq.</span> <span class='ocrx_word' id='word_1_76' title='bbox 875 1233 924 1294; x_wconf 90' lang='lat' dir='ltr'>all.</span> <span class='ocrx_word' id='word_1_77' title='bbox 947 1234 991 1311; x_wconf 80' lang='lat' dir='ltr'>ll.)</span> <span class='ocrx_word' id='word_1_78' title='bbox 1015 1253 1050 1296; x_wconf 87' lang='lat' dir='ltr'>ac</span> <span class='ocrx_word' id='word_1_79' title='bbox 1070 1236 1207 1316; x_wconf 85' lang='lat' dir='ltr'>proferre</span> <span class='ocrx_word' id='word_1_80' title='bbox 1229 1253 1297 1296; x_wconf 89' lang='lat' dir='ltr'>een-</span> 
     </span>
     <span class='ocr_line' id='line_1_10' title="bbox 183 1335 1297 1420; baseline 0.002 -22"><span class='ocrx_word' id='word_1_81' title='bbox 183 1337 305 1398; x_wconf 86' lang='lat' dir='ltr'>tentias</span> <span class='ocrx_word' id='word_1_82' title='bbox 332 1335 485 1397; x_wconf 82' lang='lat' dir='ltr'>brevitate</span> <span class='ocrx_word' id='word_1_83' title='bbox 514 1338 665 1414; x_wconf 86' lang='lat' dir='ltr'>augentes</span> <span class='ocrx_word' id='word_1_84' title='bbox 689 1335 875 1416; x_wconf 83' lang='lat' dir='ltr'>gravitatem</span> <span class='ocrx_word' id='word_1_85' title='bbox 897 1356 994 1420; x_wconf 90' lang='lat' dir='ltr'>aeque</span> <span class='ocrx_word' id='word_1_86' title='bbox 1017 1341 1109 1420; x_wconf 88' lang='lat' dir='ltr'>atque</span> <span class='ocrx_word' id='word_1_87' title='bbox 1128 1337 1297 1400; x_wconf 87' lang='lat' dir='ltr'>Hesiodum</span> 
     </span>
     <span class='ocr_line' id='line_1_11' title="bbox 187 1437 1297 1518; baseline 0.004 -17"><span class='ocrx_word' id='word_1_88' title='bbox 187 1441 222 1501; x_wconf 91' lang='lat' dir='ltr'>in</span> <span class='ocrx_word' id='word_1_89' title='bbox 259 1441 389 1502; x_wconf 81' lang='lat' dir='ltr'>carmine</span> <span class='ocrx_word' id='word_1_90' title='bbox 423 1439 573 1501; x_wconf 88' lang='lat' dir='ltr'>didactico</span> <span class='ocrx_word' id='word_1_91' title='bbox 608 1437 718 1518; x_wconf 82' lang='lat' dir='ltr'>(veluti</span> <span class='ocrx_word' id='word_1_92' title='bbox 746 1440 778 1501; x_wconf 92' lang='lat' dir='ltr'>in</span> <span class='ocrx_word' id='word_1_93' title='bbox 799 1461 850 1502; x_wconf 76' lang='lat' dir='ltr'>vv,</span> <span class='ocrx_word' id='word_1_94' title='bbox 874 1446 934 1503; x_wconf 94' lang='grc'><strong>177</strong></span> <span class='ocrx_word' id='word_1_95' title='bbox 953 1478 994 1488; x_wconf 88' lang='grc'>-</span> <span class='ocrx_word' id='word_1_96' title='bbox 1010 1447 1071 1505; x_wconf 91' lang='grc'><strong>179</strong></span> <span class='ocrx_word' id='word_1_97' title='bbox 1100 1444 1131 1504; x_wconf 89' lang='lat' dir='ltr'>in</span> <span class='ocrx_word' id='word_1_98' title='bbox 1160 1444 1297 1505; x_wconf 90' lang='lat' dir='ltr'>oratione</span> 
     </span>
     <span class='ocr_line' id='line_1_12' title="bbox 188 1543 1296 1627; baseline 0.003 -22"><span class='ocrx_word' id='word_1_99' title='bbox 188 1543 339 1622; x_wconf 88' lang='lat' dir='ltr'>Veneris).</span> <span class='ocrx_word' id='word_1_100' title='bbox 383 1543 523 1625; x_wconf 88' lang='lat' dir='ltr'>Denique</span> <span class='ocrx_word' id='word_1_101' title='bbox 546 1544 752 1606; x_wconf 90' lang='lat' dir='ltr'>adnotandum</span> <span class='ocrx_word' id='word_1_102' title='bbox 773 1547 830 1621; x_wconf 88' lang='lat' dir='ltr'>est,</span> <span class='ocrx_word' id='word_1_103' title='bbox 854 1563 872 1606; x_wconf 90' lang='lat' dir='ltr'>a</span> <span class='ocrx_word' id='word_1_104' title='bbox 894 1546 981 1608; x_wconf 87' lang='lat' dir='ltr'>nobis</span> <span class='ocrx_word' id='word_1_105' title='bbox 1004 1547 1128 1627; x_wconf 88' lang='lat' dir='ltr'>saepius</span> <span class='ocrx_word' id='word_1_106' title='bbox 1149 1547 1296 1609; x_wconf 89' lang='lat' dir='ltr'>orationis</span> 
     </span>
     <span class='ocr_line' id='line_1_13' title="bbox 189 1647 1296 1732; baseline 0.004 -23"><span class='ocrx_word' id='word_1_107' title='bbox 189 1649 436 1732; x_wconf 87' lang='lat' dir='ltr'>aequabilitatem</span> <span class='ocrx_word' id='word_1_108' title='bbox 465 1648 633 1710; x_wconf 89' lang='lat' dir='ltr'>desiderari</span> <span class='ocrx_word' id='word_1_109' title='bbox 662 1668 779 1731; x_wconf 89' lang='lat' dir='ltr'>nosque</span> <span class='ocrx_word' id='word_1_110' title='bbox 802 1647 913 1711; x_wconf 87' lang='lat' dir='ltr'>offendi</span> <span class='ocrx_word' id='word_1_111' title='bbox 936 1651 1081 1713; x_wconf 88' lang='lat' dir='ltr'>orationis</span> <span class='ocrx_word' id='word_1_112' title='bbox 1103 1651 1296 1731; x_wconf 81' lang='lat' dir='ltr'>digressione</span> 
     </span>
     <span class='ocr_line' id='line_1_14' title="bbox 185 1753 1296 1836; baseline 0.002 -22"><span class='ocrx_word' id='word_1_113' title='bbox 185 1753 310 1816; x_wconf 91' lang='lat' dir='ltr'>nimium</span> <span class='ocrx_word' id='word_1_114' title='bbox 342 1755 443 1833; x_wconf 86' lang='lat' dir='ltr'>longa.</span> <span class='ocrx_word' id='word_1_115' title='bbox 502 1753 597 1817; x_wconf 80' lang='lat' dir='ltr'>Cuius</span> <span class='ocrx_word' id='word_1_116' title='bbox 634 1754 679 1814; x_wconf 86' lang='lat' dir='ltr'>rei</span> <span class='ocrx_word' id='word_1_117' title='bbox 707 1754 983 1816; x_wconf 90' lang='lat' dir='ltr'>luculentissimum</span> <span class='ocrx_word' id='word_1_118' title='bbox 1000 1757 1174 1836; x_wconf 85' lang='lat' dir='ltr'>exemplum</span> <span class='ocrx_word' id='word_1_119' title='bbox 1196 1759 1245 1818; x_wconf 88' lang='lat' dir='ltr'>est</span> <span class='ocrx_word' id='word_1_120' title='bbox 1264 1757 1296 1816; x_wconf 93' lang='lat' dir='ltr'>in</span> 
     </span>
     <span class='ocr_line' id='line_1_15' title="bbox 184 1857 1046 1940; baseline 0.003 -22"><span class='ocrx_word' id='word_1_121' title='bbox 184 1857 316 1921; x_wconf 87' lang='lat' dir='ltr'>Veneris</span> <span class='ocrx_word' id='word_1_122' title='bbox 339 1858 476 1919; x_wconf 88' lang='lat' dir='ltr'>oratione</span> <span class='ocrx_word' id='word_1_123' title='bbox 495 1857 566 1918; x_wconf 90' lang='lat' dir='ltr'>inde</span> <span class='ocrx_word' id='word_1_124' title='bbox 588 1875 607 1917; x_wconf 90' lang='lat' dir='ltr'>a</span> <span class='ocrx_word' id='word_1_125' title='bbox 626 1876 656 1918; x_wconf 84' lang='lat' dir='ltr'>v.</span> <span class='ocrx_word' id='word_1_126' title='bbox 681 1862 740 1919; x_wconf 84' lang='lat'>191</span> <span class='ocrx_word' id='word_1_127' title='bbox 766 1877 864 1940; x_wconf 89' lang='lat' dir='ltr'>usque</span> <span class='ocrx_word' id='word_1_128' title='bbox 887 1859 1046 1922; x_wconf 88' lang='lat' dir='ltr'>adfinem</span> 
     </span>
    </p>

    <p class='ocr_par' dir='ltr' id='par_1_4' title="bbox 183 1961 1295 2356">
     <span class='ocr_line' id='line_1_16' title="bbox 272 1961 1295 2058; baseline 0 -34"><span class='ocrx_word' id='word_1_129' title='bbox 272 1963 316 2024; x_wconf 85' lang='lat' dir='ltr'>At</span> <span class='ocrx_word' id='word_1_130' title='bbox 343 1962 481 2042; x_wconf 87' lang='lat' dir='ltr'>exceptis</span> <span class='ocrx_word' id='word_1_131' title='bbox 506 1961 571 2038; x_wconf 89' lang='lat' dir='ltr'>his,</span> <span class='ocrx_word' id='word_1_132' title='bbox 605 1979 683 2058; x_wconf 77' lang='lat' dir='ltr'>qpas</span> <span class='ocrx_word' id='word_1_133' title='bbox 714 1963 945 2043; x_wconf 82' lang='lat' dir='ltr'>descripsimus,</span> <span class='ocrx_word' id='word_1_134' title='bbox 978 1965 1140 2026; x_wconf 86' lang='lat' dir='ltr'>hesiodeae</span> <span class='ocrx_word' id='word_1_135' title='bbox 1166 1982 1295 2044; x_wconf 90' lang='lat' dir='ltr'>poeseos</span> 
     </span>
     <span class='ocr_line' id='line_1_17' title="bbox 184 2064 1295 2150; baseline 0.002 -22"><span class='ocrx_word' id='word_1_136' title='bbox 184 2067 423 2149; x_wconf 88' lang='lat' dir='ltr'>proprietatibus</span> <span class='ocrx_word' id='word_1_137' title='bbox 459 2064 665 2128; x_wconf 89' lang='lat' dir='ltr'>confitendum</span> <span class='ocrx_word' id='word_1_138' title='bbox 687 2069 752 2143; x_wconf 88' lang='lat' dir='ltr'>est,</span> <span class='ocrx_word' id='word_1_139' title='bbox 791 2087 866 2148; x_wconf 88' lang='lat' dir='ltr'>prae</span> <span class='ocrx_word' id='word_1_140' title='bbox 887 2069 999 2130; x_wconf 89' lang='lat' dir='ltr'>ceteris</span> <span class='ocrx_word' id='word_1_141' title='bbox 1023 2069 1145 2150; x_wconf 90' lang='lat' dir='ltr'>hymnis</span> <span class='ocrx_word' id='word_1_142' title='bbox 1173 2087 1295 2130; x_wconf 86' lang='lat' dir='ltr'>carmen</span> 
     </span>
     <span class='ocr_line' id='line_1_18' title="bbox 183 2170 1294 2254; baseline 0.002 -21"><span class='ocrx_word' id='word_1_143' title='bbox 183 2175 322 2234; x_wconf 89' lang='lat' dir='ltr'>nostrum</span> <span class='ocrx_word' id='word_1_144' title='bbox 345 2170 501 2247; x_wconf 86' lang='lat' dir='ltr'>„iucunda</span> <span class='ocrx_word' id='word_1_145' title='bbox 516 2171 709 2234; x_wconf 75' lang='lat' dir='ltr'>enarratione</span> <span class='ocrx_word' id='word_1_146' title='bbox 724 2171 867 2254; x_wconf 91' lang='lat' dir='ltr'>mollique</span> <span class='ocrx_word' id='word_1_147' title='bbox 881 2173 1074 2254; x_wconf 75' lang='lat' dir='ltr'>eloquentiae</span> <span class='ocrx_word' id='word_1_148' title='bbox 1088 2193 1163 2235; x_wconf 83' lang='lat' dir='ltr'>vere</span> <span class='ocrx_word' id='word_1_149' title='bbox 1178 2173 1294 2236; x_wconf 89' lang='lat' dir='ltr'>ionicae</span> 
     </span>
     <span class='ocr_line' id='line_1_19' title="bbox 184 2275 928 2356; baseline 0 -20"><span class='ocrx_word' id='word_1_150' title='bbox 184 2275 308 2338; x_wconf 88' lang='lat' dir='ltr'>flumine</span> <span class='ocrx_word' id='word_1_151' title='bbox 331 2275 521 2356; x_wconf 89' lang='lat' dir='ltr'>splendere.“</span> <span class='ocrx_word' id='word_1_152' title='bbox 924 2278 928 2284; x_wconf 89' lang='grc'><strong><em>’</em></strong></span> 
     </span>
    </p>
   </div>
   <div class='ocr_carea' id='block_1_3' title="bbox 272 2380 1294 2465">
    <p class='ocr_par' dir='ltr' id='par_1_5' title="bbox 272 2380 1294 2465">
     <span class='ocr_line' id='line_1_20' title="bbox 272 2380 1294 2465; baseline 0.003 -23"><span class='ocrx_word' id='word_1_153' title='bbox 272 2380 356 2461; x_wconf 89' lang='lat' dir='ltr'>Apte</span> <span class='ocrx_word' id='word_1_154' title='bbox 378 2399 452 2442; x_wconf 81' lang='lat' dir='ltr'>vero</span> <span class='ocrx_word' id='word_1_155' title='bbox 468 2399 529 2442; x_wconf 91' lang='grc'>000</span> <span class='ocrx_word' id='word_1_156' title='bbox 543 2380 671 2457; x_wconf 89' lang='lat' dir='ltr'>diceres,</span> <span class='ocrx_word' id='word_1_157' title='bbox 692 2380 719 2441; x_wconf 89' lang='lat' dir='ltr'>si</span> <span class='ocrx_word' id='word_1_158' title='bbox 734 2381 986 2444; x_wconf 89' lang='lat' dir='ltr'>consuetudinem</span> <span class='ocrx_word' id='word_1_159' title='bbox 1001 2383 1191 2465; x_wconf 88' lang='lat' dir='ltr'>exquirendi,</span> <span class='ocrx_word' id='word_1_160' title='bbox 1213 2385 1294 2445; x_wconf 89' lang='lat' dir='ltr'>unde</span> 
     </span>
    </p>
   </div>
   <div class='ocr_carea' id='block_1_4' title="bbox 182 2486 1294 4031">
    <p class='ocr_par' dir='ltr' id='par_1_6' title="bbox 182 2486 1294 4031">
     <span class='ocr_line' id='line_1_21' title="bbox 184 2486 1292 2569; baseline 0.004 -22"><span class='ocrx_word' id='word_1_161' title='bbox 184 2487 279 2548; x_wconf 83' lang='lat' dir='ltr'>verba</span> <span class='ocrx_word' id='word_1_162' title='bbox 305 2486 368 2548; x_wconf 89' lang='lat' dir='ltr'>sint</span> <span class='ocrx_word' id='word_1_163' title='bbox 397 2486 505 2563; x_wconf 86' lang='lat' dir='ltr'>ducta,</span> <span class='ocrx_word' id='word_1_164' title='bbox 535 2504 613 2568; x_wconf 86' lang='lat' dir='ltr'>quae</span> <span class='ocrx_word' id='word_1_165' title='bbox 641 2486 776 2548; x_wconf 87' lang='lat' dir='ltr'>cernitur</span> <span class='ocrx_word' id='word_1_166' title='bbox 808 2486 840 2548; x_wconf 90' lang='lat' dir='ltr'>in</span> <span class='ocrx_word' id='word_1_167' title='bbox 868 2486 973 2569; x_wconf 85' lang='lat' dir='ltr'>hymni</span> <span class='ocrx_word' id='word_1_168' title='bbox 999 2507 1050 2549; x_wconf 83' lang='lat' dir='ltr'>vv.</span> <span class='ocrx_word' id='word_1_169' title='bbox 1067 2491 1129 2550; x_wconf 87' lang='grc'><strong>198</strong></span> <span class='ocrx_word' id='word_1_170' title='bbox 1159 2490 1191 2550; x_wconf 88' lang='lat' dir='ltr'>et</span> <span class='ocrx_word' id='word_1_171' title='bbox 1220 2493 1292 2566; x_wconf 90' lang='grc'><strong>199,</strong></span> 
     </span>
     <span class='ocr_line' id='line_1_22' title="bbox 185 2589 1293 2673; baseline 0.002 -21"><span class='ocrx_word' id='word_1_172' title='bbox 185 2593 313 2672; x_wconf 86' lang='lat' dir='ltr'>putares</span> <span class='ocrx_word' id='word_1_173' title='bbox 342 2611 413 2652; x_wconf 86' lang='lat' dir='ltr'>esse</span> <span class='ocrx_word' id='word_1_174' title='bbox 443 2590 635 2668; x_wconf 86' lang='lat' dir='ltr'>hesiodeam,</span> <span class='ocrx_word' id='word_1_175' title='bbox 658 2610 751 2673; x_wconf 90' lang='lat' dir='ltr'>quum</span> <span class='ocrx_word' id='word_1_176' title='bbox 772 2589 940 2652; x_wconf 90' lang='lat' dir='ltr'>Homerum</span> <span class='ocrx_word' id='word_1_177' title='bbox 959 2591 1040 2653; x_wconf 92' lang='lat' dir='ltr'>idem</span> <span class='ocrx_word' id='word_1_178' title='bbox 1063 2593 1173 2654; x_wconf 83' lang='lat' dir='ltr'>fecisse</span> <span class='ocrx_word' id='word_1_179' title='bbox 1196 2594 1293 2654; x_wconf 88' lang='lat' dir='ltr'>testes</span> 
     </span>
     <span class='ocr_line' id='line_1_23' title="bbox 185 2694 1293 2778; baseline 0.001 -22"><span class='ocrx_word' id='word_1_180' title='bbox 185 2696 248 2756; x_wconf 87' lang='lat' dir='ltr'>sint</span> <span class='ocrx_word' id='word_1_181' title='bbox 283 2695 364 2757; x_wconf 91' lang='lat' dir='ltr'>inter</span> <span class='ocrx_word' id='word_1_182' title='bbox 392 2695 469 2756; x_wconf 90' lang='lat' dir='ltr'>alios</span> <span class='ocrx_word' id='word_1_183' title='bbox 499 2696 583 2758; x_wconf 88' lang='lat' dir='ltr'>locos</span> <span class='ocrx_word' id='word_1_184' title='bbox 612 2715 723 2758; x_wconf 82' lang='lat' dir='ltr'>versus</span> <span class='ocrx_word' id='word_1_185' title='bbox 751 2694 865 2777; x_wconf 88' lang='lat' dir='ltr'>Odyss.</span> <span class='ocrx_word' id='word_1_186' title='bbox 888 2716 916 2773; x_wconf 81' lang='grc' dir='ltr'>τ,</span> <span class='ocrx_word' id='word_1_187' title='bbox 940 2699 1012 2762; x_wconf 78' lang='grc'><strong>200.</strong></span> <span class='ocrx_word' id='word_1_188' title='bbox 1037 2704 1074 2778; x_wconf 83' lang='grc' dir='ltr'>ψ,</span> <span class='ocrx_word' id='word_1_189' title='bbox 1108 2700 1158 2772; x_wconf 90' lang='grc'>19,</span> <span class='ocrx_word' id='word_1_190' title='bbox 1183 2700 1211 2773; x_wconf 85' lang='grc'>6,</span> <span class='ocrx_word' id='word_1_191' title='bbox 1242 2701 1293 2759; x_wconf 85' lang='grc'>73.</span> 
     </span>
     <span class='ocr_line' id='line_1_24' title="bbox 186 2799 1293 2880; baseline -0.001 -16"><span class='ocrx_word' id='word_1_192' title='bbox 186 2801 300 2864; x_wconf 85' lang='lat' dir='ltr'>Oontra</span> <span class='ocrx_word' id='word_1_193' title='bbox 329 2821 346 2861; x_wconf 93' lang='lat' dir='ltr'>e</span> <span class='ocrx_word' id='word_1_194' title='bbox 373 2799 571 2862; x_wconf 89' lang='lat' dir='ltr'>similitudine</span> <span class='ocrx_word' id='word_1_195' title='bbox 600 2801 743 2880; x_wconf 87' lang='lat' dir='ltr'>theogon.</span> <span class='ocrx_word' id='word_1_196' title='bbox 763 2821 793 2862; x_wconf 83' lang='lat' dir='ltr'>v.</span> <span class='ocrx_word' id='word_1_197' title='bbox 817 2802 879 2862; x_wconf 81' lang='lat'>582</span> <span class='ocrx_word' id='word_1_198' title='bbox 911 2802 995 2861; x_wconf 90' lang='lat' dir='ltr'>recte</span> <span class='ocrx_word' id='word_1_199' title='bbox 1022 2802 1149 2880; x_wconf 88' lang='lat' dir='ltr'>putares</span> <span class='ocrx_word' id='word_1_200' title='bbox 1169 2820 1293 2863; x_wconf 90' lang='lat' dir='ltr'>versum</span> 
     </span>
     <span class='ocr_line' id='line_1_25' title="bbox 185 2903 1293 2987; baseline 0.003 -23"><span class='ocrx_word' id='word_1_201' title='bbox 185 2903 290 2984; x_wconf 82' lang='lat' dir='ltr'>hymni</span> <span class='ocrx_word' id='word_1_202' title='bbox 308 2905 447 2987; x_wconf 90' lang='lat' dir='ltr'>quintum</span> <span class='ocrx_word' id='word_1_203' title='bbox 469 2904 664 2966; x_wconf 91' lang='lat' dir='ltr'>tribuendum</span> <span class='ocrx_word' id='word_1_204' title='bbox 674 2924 745 2966; x_wconf 89' lang='lat' dir='ltr'>esse</span> <span class='ocrx_word' id='word_1_205' title='bbox 761 2905 925 2966; x_wconf 86' lang='lat' dir='ltr'>hesiodeae</span> <span class='ocrx_word' id='word_1_206' title='bbox 940 2904 1073 2981; x_wconf 89' lang='lat' dir='ltr'>dictioni,</span> <span class='ocrx_word' id='word_1_207' title='bbox 1097 2905 1184 2966; x_wconf 92' lang='lat' dir='ltr'>ouius</span> <span class='ocrx_word' id='word_1_208' title='bbox 1198 2907 1293 2968; x_wconf 83' lang='lat' dir='ltr'>vesti·</span> 
     </span>
     <span class='ocr_line' id='line_1_26' title="bbox 188 3007 1294 3091; baseline 0.004 -22"><span class='ocrx_word' id='word_1_209' title='bbox 188 3007 241 3086; x_wconf 81' lang='lat' dir='ltr'>gia</span> <span class='ocrx_word' id='word_1_210' title='bbox 268 3012 426 3088; x_wconf 87' lang='lat' dir='ltr'>praeterea</span> <span class='ocrx_word' id='word_1_211' title='bbox 455 3011 580 3070; x_wconf 89' lang='lat' dir='ltr'>exstant</span> <span class='ocrx_word' id='word_1_212' title='bbox 609 3008 641 3070; x_wconf 89' lang='lat' dir='ltr'>iu</span> <span class='ocrx_word' id='word_1_213' title='bbox 669 3009 773 3090; x_wconf 84' lang='lat' dir='ltr'>hymni</span> <span class='ocrx_word' id='word_1_214' title='bbox 795 3030 825 3070; x_wconf 84' lang='lat' dir='ltr'>v.</span> <span class='ocrx_word' id='word_1_215' title='bbox 848 3012 928 3085; x_wconf 76' lang='lat'><strong>258,</strong></span> <span class='ocrx_word' id='word_1_216' title='bbox 969 3028 1098 3091; x_wconf 91' lang='lat' dir='ltr'>quocum</span> <span class='ocrx_word' id='word_1_217' title='bbox 1119 3010 1294 3073; x_wconf 85' lang='lat' dir='ltr'>conferatur</span> 
     </span>
     <span class='ocr_line' id='line_1_27' title="bbox 188 3111 1294 3194; baseline 0.004 -22"><span class='ocrx_word' id='word_1_218' title='bbox 188 3112 367 3194; x_wconf 73' lang='lat' dir='ltr'>theogoniae</span> <span class='ocrx_word' id='word_1_219' title='bbox 405 3133 515 3176; x_wconf 88' lang='lat' dir='ltr'>versus</span> <span class='ocrx_word' id='word_1_220' title='bbox 549 3114 636 3175; x_wconf 87' lang='lat' dir='ltr'>alter.</span> <span class='ocrx_word' id='word_1_221' title='bbox 687 3111 753 3175; x_wconf 87' lang='lat' dir='ltr'>Nec</span> <span class='ocrx_word' id='word_1_222' title='bbox 784 3133 845 3174; x_wconf 90' lang='grc'>000</span> <span class='ocrx_word' id='word_1_223' title='bbox 871 3113 906 3175; x_wconf 82' lang='lat' dir='ltr'>F.</span> <span class='ocrx_word' id='word_1_224' title='bbox 928 3112 1068 3176; x_wconf 79' lang='lat' dir='ltr'>Ranlrius</span> <span class='ocrx_word' id='word_1_225' title='bbox 1097 3115 1140 3194; x_wconf 93' lang='lat' dir='ltr'>(in</span> <span class='ocrx_word' id='word_1_226' title='bbox 1165 3112 1294 3176; x_wconf 92' lang='lat' dir='ltr'>Hesiodi</span> 
     </span>
     <span class='ocr_line' id='line_1_28' title="bbox 188 3214 1292 3300; baseline 0.002 -22"><span class='ocrx_word' id='word_1_227' title='bbox 188 3214 275 3278; x_wconf 80' lang='lat' dir='ltr'>Sonti</span> <span class='ocrx_word' id='word_1_228' title='bbox 302 3217 445 3280; x_wconf 92' lang='lat' dir='ltr'>Herculis</span> <span class='ocrx_word' id='word_1_229' title='bbox 472 3217 605 3279; x_wconf 75' lang='lat' dir='ltr'>editione</span> <span class='ocrx_word' id='word_1_230' title='bbox 633 3237 685 3298; x_wconf 83' lang='lat' dir='ltr'>pg.</span> <span class='ocrx_word' id='word_1_231' title='bbox 709 3221 774 3279; x_wconf 83' lang='lat'>360</span> <span class='ocrx_word' id='word_1_232' title='bbox 789 3220 916 3296; x_wconf 79' lang='lat'>—362)</span> <span class='ocrx_word' id='word_1_233' title='bbox 948 3217 1037 3280; x_wconf 87' lang='lat' dir='ltr'>affert</span> <span class='ocrx_word' id='word_1_234' title='bbox 1059 3218 1118 3279; x_wconf 93' lang='lat' dir='ltr'>duo</span> <span class='ocrx_word' id='word_1_235' title='bbox 1142 3220 1292 3300; x_wconf 89' lang='lat' dir='ltr'>exempla,</span> 
     </span>
     <span class='ocr_line' id='line_1_29' title="bbox 184 3321 1293 3405; baseline 0 -21"><span class='ocrx_word' id='word_1_236' title='bbox 184 3322 294 3404; x_wconf 89' lang='lat' dir='ltr'>quibus</span> <span class='ocrx_word' id='word_1_237' title='bbox 322 3323 434 3405; x_wconf 78' lang='lat' dir='ltr'>hymni·</span> <span class='ocrx_word' id='word_1_238' title='bbox 456 3322 516 3384; x_wconf 90' lang='lat' dir='ltr'>loci</span> <span class='ocrx_word' id='word_1_239' title='bbox 545 3322 605 3383; x_wconf 91' lang='lat' dir='ltr'>duo</span> <span class='ocrx_word' id='word_1_240' title='bbox 634 3321 842 3398; x_wconf 86' lang='lat' dir='ltr'>illustrantur,</span> <span class='ocrx_word' id='word_1_241' title='bbox 876 3342 985 3403; x_wconf 91' lang='lat' dir='ltr'>nempe</span> <span class='ocrx_word' id='word_1_242' title='bbox 1016 3321 1103 3385; x_wconf 82' lang='lat' dir='ltr'>Sonti</span> <span class='ocrx_word' id='word_1_243' title='bbox 1132 3343 1157 3384; x_wconf 84' lang='grc' dir='ltr'>ν.</span> <span class='ocrx_word' id='word_1_244' title='bbox 1182 3327 1202 3385; x_wconf 88' lang='grc'><strong>8</strong></span> <span class='ocrx_word' id='word_1_245' title='bbox 1225 3343 1293 3385; x_wconf 93' lang='lat' dir='ltr'>oum</span> 
     </span>
     <span class='ocr_line' id='line_1_30' title="bbox 183 3424 1294 3509; baseline 0.003 -23"><span class='ocrx_word' id='word_1_246' title='bbox 183 3426 289 3508; x_wconf 90' lang='lat' dir='ltr'>hymni</span> <span class='ocrx_word' id='word_1_247' title='bbox 312 3447 341 3488; x_wconf 91' lang='lat' dir='ltr'>v.</span> <span class='ocrx_word' id='word_1_248' title='bbox 366 3429 427 3489; x_wconf 87' lang='grc'><strong>175</strong></span> <span class='ocrx_word' id='word_1_249' title='bbox 452 3445 487 3488; x_wconf 91' lang='lat' dir='ltr'>ac</span> <span class='ocrx_word' id='word_1_250' title='bbox 507 3424 594 3488; x_wconf 80' lang='lat' dir='ltr'>Sonti</span> <span class='ocrx_word' id='word_1_251' title='bbox 614 3447 638 3486; x_wconf 80' lang='grc' dir='ltr'>ν.</span> <span class='ocrx_word' id='word_1_252' title='bbox 651 3429 714 3488; x_wconf 78' lang='grc'>204</span> <span class='ocrx_word' id='word_1_253' title='bbox 737 3446 806 3488; x_wconf 91' lang='lat' dir='ltr'>cum</span> <span class='ocrx_word' id='word_1_254' title='bbox 827 3427 933 3509; x_wconf 89' lang='lat' dir='ltr'>hymni</span> <span class='ocrx_word' id='word_1_255' title='bbox 955 3448 985 3489; x_wconf 91' lang='lat' dir='ltr'>v.</span> <span class='ocrx_word' id='word_1_256' title='bbox 1002 3431 1065 3489; x_wconf 81' lang='lat'>120</span> <span class='ocrx_word' id='word_1_257' title='bbox 1089 3428 1220 3492; x_wconf 82' lang='lat' dir='ltr'>conferri</span> <span class='ocrx_word' id='word_1_258' title='bbox 1244 3428 1294 3490; x_wconf 87' lang='lat' dir='ltr'>vir</span> 
     </span>
     <span class='ocr_line' id='line_1_31' title="bbox 182 3529 1291 3612; baseline 0.002 -21"><span class='ocrx_word' id='word_1_259' title='bbox 182 3530 236 3592; x_wconf 89' lang='lat' dir='ltr'>ille</span> <span class='ocrx_word' id='word_1_260' title='bbox 259 3530 454 3594; x_wconf 89' lang='lat' dir='ltr'>doctissimus</span> <span class='ocrx_word' id='word_1_261' title='bbox 473 3531 565 3594; x_wconf 88' lang='lat' dir='ltr'>iubet.</span> <span class='ocrx_word' id='word_1_262' title='bbox 601 3529 680 3592; x_wconf 86' lang='lat' dir='ltr'>Nolo</span> <span class='ocrx_word' id='word_1_263' title='bbox 696 3531 766 3593; x_wconf 90' lang='lat' dir='ltr'>dein</span> <span class='ocrx_word' id='word_1_264' title='bbox 778 3530 898 3593; x_wconf 85' lang='lat' dir='ltr'>silentio</span> <span class='ocrx_word' id='word_1_265' title='bbox 914 3532 1090 3612; x_wconf 88' lang='lat' dir='ltr'>praeterire,</span> <span class='ocrx_word' id='word_1_266' title='bbox 1106 3533 1291 3609; x_wconf 86' lang='lat' dir='ltr'>hesiodeum,</span> 
     </span>
     <span class='ocr_line' id='line_1_32' title="bbox 185 3635 1293 3722; baseline 0.001 -26"><span class='ocrx_word' id='word_1_267' title='bbox 185 3655 275 3716; x_wconf 91' lang='lat' dir='ltr'>quem</span> <span class='ocrx_word' id='word_1_268' title='bbox 304 3636 422 3718; x_wconf 85' lang='lat' dir='ltr'>antiqui</span> <span class='ocrx_word' id='word_1_269' title='bbox 449 3635 545 3697; x_wconf 89' lang='lat' dir='ltr'>critici</span> <span class='ocrx_word' id='word_1_270' title='bbox 574 3635 635 3696; x_wconf 88' lang='lat' dir='ltr'>iam</span> <span class='ocrx_word' id='word_1_271' title='bbox 664 3635 696 3696; x_wconf 89' lang='lat' dir='ltr'>in</span> <span class='ocrx_word' id='word_1_272' title='bbox 726 3635 860 3698; x_wconf 88' lang='lat' dir='ltr'>Homero</span> <span class='ocrx_word' id='word_1_273' title='bbox 892 3637 1071 3714; x_wconf 73' lang='lat' dir='ltr'>notaruntl,</span> <span class='ocrx_word' id='word_1_274' title='bbox 1109 3637 1293 3722; x_wconf 79' lang='grc' dir='ltr'><strong><em>χαρακτῆρα</em></strong></span> 
     </span>
     <span class='ocr_line' id='line_1_33' title="bbox 185 3739 1291 3822; baseline 0 -21"><span class='ocrx_word' id='word_1_275' title='bbox 185 3739 371 3821; x_wconf 88' lang='lat' dir='ltr'>deprehendi</span> <span class='ocrx_word' id='word_1_276' title='bbox 396 3758 516 3822; x_wconf 93' lang='lat' dir='ltr'>quoque</span> <span class='ocrx_word' id='word_1_277' title='bbox 545 3739 576 3800; x_wconf 89' lang='lat' dir='ltr'>in</span> <span class='ocrx_word' id='word_1_278' title='bbox 606 3739 711 3820; x_wconf 89' lang='lat' dir='ltr'>hymni</span> <span class='ocrx_word' id='word_1_279' title='bbox 732 3741 874 3802; x_wconf 80' lang='lat' dir='ltr'>vererhus</span> <span class='ocrx_word' id='word_1_280' title='bbox 894 3744 934 3803; x_wconf 84' lang='grc'>09</span> <span class='ocrx_word' id='word_1_281' title='bbox 958 3743 989 3802; x_wconf 90' lang='lat' dir='ltr'>et</span> <span class='ocrx_word' id='word_1_282' title='bbox 1013 3745 1063 3818; x_wconf 88' lang='grc'>94,</span> <span class='ocrx_word' id='word_1_283' title='bbox 1086 3742 1138 3802; x_wconf 90' lang='lat' dir='ltr'>ubi</span> <span class='ocrx_word' id='word_1_284' title='bbox 1160 3742 1291 3816; x_wconf 90' lang='lat' dir='ltr'>nomina,</span> 
     </span>
     <span class='ocr_line' id='line_1_34' title="bbox 187 3843 1292 3924; baseline 0 -18"><span class='ocrx_word' id='word_1_285' title='bbox 187 3845 285 3922; x_wconf 73' lang='lat' dir='ltr'>„sine&#39;</span> <span class='ocrx_word' id='word_1_286' title='bbox 310 3846 373 3907; x_wconf 92' lang='lat' dir='ltr'>ulla</span> <span class='ocrx_word' id='word_1_287' title='bbox 399 3844 504 3906; x_wconf 84' lang='lat' dir='ltr'>vivida</span> <span class='ocrx_word' id='word_1_288' title='bbox 526 3843 731 3924; x_wconf 87' lang='lat' dir='ltr'>descriptione</span> <span class='ocrx_word' id='word_1_289' title='bbox 760 3845 846 3906; x_wconf 89' lang='lat' dir='ltr'>arida</span> <span class='ocrx_word' id='word_1_290' title='bbox 865 3848 897 3908; x_wconf 92' lang='lat' dir='ltr'>et</span> <span class='ocrx_word' id='word_1_291' title='bbox 916 3846 991 3907; x_wconf 86' lang='lat' dir='ltr'>exili</span> <span class='ocrx_word' id='word_1_292' title='bbox 1011 3847 1292 3908; x_wconf 89' lang='lat' dir='ltr'>enummeratione“</span> 
     </span>
     <span class='ocr_line' id='line_1_35' title="bbox 183 3946 1291 4031; baseline 0.001 -20"><span class='ocrx_word' id='word_1_293' title='bbox 183 3951 358 4012; x_wconf 87' lang='lat' dir='ltr'>traduntur.</span> <span class='ocrx_word' id='word_1_294' title='bbox 401 3946 446 4012; x_wconf 79' lang='lat' dir='ltr'>nt</span> <span class='ocrx_word' id='word_1_295' title='bbox 472 3951 556 4010; x_wconf 90' lang='lat' dir='ltr'>totus</span> <span class='ocrx_word' id='word_1_296' title='bbox 586 3947 636 4009; x_wconf 89' lang='lat' dir='ltr'>hic</span> <span class='ocrx_word' id='word_1_297' title='bbox 664 3948 749 4010; x_wconf 89' lang='lat' dir='ltr'>locus</span> <span class='ocrx_word' id='word_1_298' title='bbox 779 3951 941 4031; x_wconf 86' lang='lat' dir='ltr'>corruptus</span> <span class='ocrx_word' id='word_1_299' title='bbox 972 3969 1041 4012; x_wconf 89' lang='lat' dir='ltr'>esse</span> <span class='ocrx_word' id='word_1_300' title='bbox 1065 3949 1139 4011; x_wconf 89' lang='lat' dir='ltr'>mihi</span> <span class='ocrx_word' id='word_1_301' title='bbox 1161 3949 1291 4012; x_wconf 87' lang='lat' dir='ltr'>videtur.</span> 
     </span>
    </p>
   </div>
   <div class='ocr_carea' id='block_1_5' title="bbox 182 4197 1290 4440">
    <p class='ocr_par' dir='ltr' id='par_1_7' title="bbox 182 4197 1290 4440">
     <span class='ocr_line' id='line_1_36' title="bbox 258 4197 1290 4271; baseline 0.004 -18"><span class='ocrx_word' id='word_1_302' title='bbox 258 4198 284 4268; x_wconf 89' lang='grc'><strong>1)</strong></span> <span class='ocrx_word' id='word_1_303' title='bbox 302 4197 497 4269; x_wconf 84' lang='lat' dir='ltr'>Intelligendus</span> <span class='ocrx_word' id='word_1_304' title='bbox 517 4201 559 4255; x_wconf 88' lang='lat' dir='ltr'>cst</span> <span class='ocrx_word' id='word_1_305' title='bbox 575 4197 753 4254; x_wconf 88' lang='lat' dir='ltr'>Nereidarum</span> <span class='ocrx_word' id='word_1_306' title='bbox 771 4201 919 4271; x_wconf 84' lang='lat' dir='ltr'>catalogus,</span> <span class='ocrx_word' id='word_1_307' title='bbox 939 4201 986 4270; x_wconf 91' lang='lat' dir='ltr'>qui</span> <span class='ocrx_word' id='word_1_308' title='bbox 1003 4201 1045 4254; x_wconf 90' lang='lat' dir='ltr'>est</span> <span class='ocrx_word' id='word_1_309' title='bbox 1062 4199 1090 4254; x_wconf 93' lang='lat' dir='ltr'>in</span> <span class='ocrx_word' id='word_1_310' title='bbox 1102 4199 1179 4254; x_wconf 90' lang='lat' dir='ltr'>Iliad.</span> <span class='ocrx_word' id='word_1_311' title='bbox 1199 4200 1290 4271; x_wconf 85' lang='lat' dir='ltr'>rhape.</span> 
     </span>
     <span class='ocr_line' id='line_1_37' title="bbox 187 4285 1290 4383; baseline 0.005 -45"><span class='ocrx_word' id='word_1_312' title='bbox 187 4301 212 4341; x_wconf 94' lang='grc' dir='ltr'>σ.</span> <span class='ocrx_word' id='word_1_313' title='bbox 231 4285 412 4341; x_wconf 77' lang='lat' dir='ltr'>Conferantur</span> <span class='ocrx_word' id='word_1_314' title='bbox 428 4301 532 4383; x_wconf 83' lang='lat' dir='ltr'>quoque</span> <span class='ocrx_word' id='word_1_315' title='bbox 549 4285 642 4358; x_wconf 81' lang='lat' dir='ltr'>hymni</span> <span class='ocrx_word' id='word_1_316' title='bbox 660 4285 688 4340; x_wconf 91' lang='lat' dir='ltr'>in</span> <span class='ocrx_word' id='word_1_317' title='bbox 706 4285 795 4354; x_wconf 78' lang='lat' dir='ltr'>Apoll,</span> <span class='ocrx_word' id='word_1_318' title='bbox 810 4287 916 4343; x_wconf 89' lang='lat' dir='ltr'>Delium</span> <span class='ocrx_word' id='word_1_319' title='bbox 936 4303 977 4345; x_wconf 85' lang='lat' dir='ltr'>vv.</span> <span class='ocrx_word' id='word_1_320' title='bbox 988 4287 1112 4352; x_wconf 82' lang='lat'>30-45,</span> <span class='ocrx_word' id='word_1_321' title='bbox 1128 4288 1157 4340; x_wconf 91' lang='lat' dir='ltr'>in</span> <span class='ocrx_word' id='word_1_322' title='bbox 1174 4287 1290 4357; x_wconf 84' lang='lat' dir='ltr'>Apolliu.</span> 
     </span>
     <span class='ocr_line' id='line_1_38' title="bbox 182 4370 536 4440; baseline 0.006 -14"><span class='ocrx_word' id='word_1_323' title='bbox 182 4370 314 4440; x_wconf 82' lang='lat' dir='ltr'>Pythium</span> <span class='ocrx_word' id='word_1_324' title='bbox 331 4387 355 4428; x_wconf 87' lang='lat' dir='ltr'>v.</span> <span class='ocrx_word' id='word_1_325' title='bbox 377 4372 536 4430; x_wconf 74' lang='lat' dir='ltr'>all-251.</span> 
     </span>
    </p>
   </div>
   <div class='ocr_carea' id='block_1_6' title="bbox 0 0 1546 4936">
    <p class='ocr_par' dir='ltr' id='par_1_8' title="bbox 0 0 1546 4936">
     <span class='ocr_line' id='line_1_39' title="bbox 0 0 1546 4936; baseline 0 0"><span class='ocrx_word' id='word_1_326' title='bbox 0 0 1546 4936; x_wconf 95' lang='lat' dir='ltr'> </span> 
     </span>
    </p>
   </div>
  </div>
 </body>
</html>
