3082 4936
702 337 747 348 ...
793 307 922 376 78...

262 495 420 575 exemplar
448 494 585 574 proxime
613 493 762 554 accedens
791 492 898 573 hymni
926 492 1009 554 color
1041 511 1077 552 ac
1106 494 1218 555 forma!
1264 495 1370 578 Neque

264 600 362 661 altera
383 597 555 659 conditione
580 600 671 677 atque
701 597 833 676 hymnus
855 597 921 656 sine
943 595 1034 657 dubio
1064 614 1123 657 usa
1145 601 1219 658 sunt
1239 602 1374 663 carmina

265 707 303 768 de
324 703 511 784 Sarpedonis
539 703 570 761 et
592 698 702 761 Glauci
730 701 823 760 rebus
855 699 954 779 gestis
985 700 1137 779 prioribus
1159 700 1265 764 Iliadis
1287 683 1373 766 libris

264 807 404 872 inserta¹
427 825 463 866 ac
484 806 523 865 de
544 803 700 882 legatione
722 803 761 862 ed
775 802 926 863 Achillem
948 795 1081 864 in'nono
1099 803 1207 866 Iliadis
1221 807 1300 867 libro
1317 827 1373 868 nec

264 933 325 975 non
347 913 387 972 de
408 928 483 969 nece
501 907 628 968 Dolonis
657 907 689 967 in
719 905 834 966 decimo
856 904 964 966 Iliadis
986 905 1063 967 libro
1086 942 1127 952 -
1148 909 1229 989 quod
1252 928 1373 973 carmen

264 1018 314 1079 sui
335 1015 411 1077 iuris
431 1013 527 1074 fuisse
549 1008 732 1071 Eustathins
753 1010 839 1087 (785,
851 1010 883 1088 4)
906 1009 1033 1070 tradidit
1056 1045 1097 1054 -
1121 1011 1191 1073 alia.

348 1115 533 1179 Huiusmodi
542 1133 616 1176 vero
638 1114 773 1174 carmina
794 1113 882 1193 epica
901 1113 1085 1174 adcarmina
1105 1118 1374 1195 praestantissima

213 1302 216 1308 1
264 1222 390 1287 Homeri
410 1219 581 1293 conflanda,
608 1218 644 1277 ut
671 1217 771 1277 omnia
794 1217 875 1277 inter
905 1235 946 1280 ses
965 1218 1154 1296 praeclarius
1182 1240 1321 1282 connexa
1342 1227 1374 1283 et

264 1331 338 1410 apta
365 1326 486 1400 essent,
527 1320 747 1400 antiquissimis
775 1321 807 1380 ct
837 1320 996 1398 genuinis,
1034 1321 1061 1382 si
1089 1323 1134 1383 ita
1162 1323 1264 1385 dicere
1292 1325 1372 1402 licet,

264 1432 386 1496 fabulae
413 1428 522 1489 iliacae
541 1424 725 1487 carminibus
753 1423 872 1484 inserta
890 1443 961 1484 esse
993 1443 1049 1504 pro
1072 1427 1155 1486 certo
1178 1427 1284 1489 habeo.
1327 1429 1374 1491 Ac

264 1539 395 1599 fortasse
424 1550 497 1593 casu
522 1531 643 1590 tantum
671 1527 811 1588 fortunae
832 1527 1031 1604 factumest,
1058 1531 1093 1589 ut
1114 1530 1247 1610 hymnus
1269 1535 1374 1594 noster

265 1640 431 1703 carminum
456 1634 676 1696 homericorum
704 1649 830 1691 numero
851 1631 990 1694 adiectus
1020 1633 1159 1710 nonsit,
1188 1635 1300 1715 quippe
1322 1637 1374 1716 qui

265 1746 322 1806 hoc
348 1744 463 1803 honore
492 1757 566 1799 sane
589 1737 702 1815 dignus
729 1736 830 1798 fuerit.
874 1735 968 1800 Cuius
994 1738 1039 1798 rei
1061 1755 1184 1798 causam
1204 1740 1301 1801 fuisse
1324 1761 1373 1800 su·

266 1849 373 1931 spicor,
397 1843 478 1924 quod
490 1840 595 1922 hymni
609 1839 712 1900 fabula
726 1858 778 1899 res
793 1858 854 1899 non
876 1858 993 1918 paucae
1016 1841 1163 1902 contineri
1184 1842 1372 1918 viderentur,

265 1970 341 2033 quae
371 1967 432 2009 non
461 1947 501 2007 ad
528 1942 715 2006 Graecorum
744 1943 871 2021 ingenia
897 1943 1075 2023 excogitata
1104 1949 1209 2006 essent
1238 1965 1373 2027 quasque

264 2075 321 2116 nos
350 2069 443 2133 supra
475 2050 575 2110 fusius
606 2047 881 2108 enummeravimus
906 2050 939 2106 et
971 2047 1207 2128 exploravimus.
1260 2049 1372 2112 Postea

265 2180 385 2225 carmen
409 2157 547 2218 nostrum
570 2151 659 2231 quale
679 2149 780 2228 fuerit,
801 2147 912 2211 Graeci
928 2170 1055 2230 prorsus
1070 2151 1156 2213 obliti
1169 2161 1248 2213 sunt.
1293 2152 1371 2214 Inde

263 2267 375 2328 fectum
397 2262 461 2336 est,
490 2262 525 2318 ut
554 2257 667 2336 hymno
687 2257 825 2315 extremo
852 2253 945 2315 affixa
974 2255 1014 2315 sit
1033 2255 1086 2316 illa
1109 2255 1248 2318 clausula
1270 2255 1370 2318 finalis

264 2368 321 2431 σεῦ
343 2353 434 2446 δ’ἒγώ
462 2350 632 2444 ἀρξάμενος
653 2349 876 2441 μεταβήσομαι
896 2349 992 2420 ἄλλον
1012 2352 1046 2432 ἐς
1065 2351 1176 2437 ὕμνον,
1199 2379 1278 2438 quae
1296 2361 1372 2421 nihil

267 2473 350 2536 aliud
372 2472 429 2545 est,
451 2468 486 2526 ut
506 2467 591 2526 recte
613 2461 802 2524 Schwalbius
826 2459 905 2537 aitl,
927 2461 987 2522 nisi
1006 2462 1155 2523 transitus
1177 2481 1197 2523 a
1219 2463 1269 2524 dei
1289 2464 1373 2526 invo-

265 2579 385 2640 catione
414 2572 454 2635 ad
484 2567 641 2650 proprium
662 2565 742 2626 alins
763 2565 920 2626 cuiusdam
950 2565 1090 2626 carminis
1112 2566 1260 2646 propositi
1281 2585 1373 2645 argn-

160 2757 164 2768 k
265 2684 400 2744 mentum
418 2710 462 2721 -
483 2673 516 2737 id
535 2671 616 2751 quod
637 2670 724 2750 patet
746 2689 786 2730 ex
806 2668 944 2730 clausule
964 2668 1071 2750 hymni
1092 2668 1235 2730 homerici
1258 2670 1290 2731 in
1301 2669 1373 2732 Dia-

265 2804 336 2847 nam
354 2781 444 2844 noni:

352 2889 454 2982 αὐτὰρ
477 2885 539 2977 ἐγώ
558 2911 596 2955 σε
618 2892 734 2977 πρῶτα
756 2885 811 2952 καὶ
833 2885 869 2953 ἐκ
891 2885 990 2953 σέθεν
1013 2880 1122 2974 ἄρχομ’
1144 2883 1271 2972 ἀείδειν,

352 3003 406 3066 σεῦ
429 2993 521 3082 d’s’yoi
541 2986 718 3080 ἀρξάμενος
736 2985 961 3078 μεταβήσομαι
983 2985 1082 3056 ἄλλον
1105 2988 1138 3070 ἐς
1156 2987 1259 3076 ὕμνον,

265 3147 356 3212 quum
378 3125 478 3185 altera
497 3118 635 3182 clausula
656 3117 697 3178 sit

397 3229 516 3323 Αὐτὰρ
538 3231 600 3319 ἐγὼ
622 3231 677 3296 καὶ
700 3236 770 3296 σεῖο
792 3229 846 3297 καὶ
866 3229 965 3332 ἄλλης
986 3226 1120 3319 μνήσομ’
1143 3223 1264 3320 ἀοιδῆς,

266 3387 343 3450 quae
355 3362 479 3447 hymnis
491 3360 524 3420 in
532 3355 707 3437 Apollinem
718 3355 873 3435 Pythium,
883 3355 915 3416 in
924 3353 1117 3432 Mercurium,
1128 3357 1161 3417 in
1173 3355 1315 3419 Cererem
1326 3361 1375 3418 est

265 3473 360 3536 affixa
370 3481 519 3550 quamque
530 3462 563 3523 in
571 3468 709 3521 extremo
720 3459 834 3539 hymno
850 3458 882 3519 in
892 3457 1066 3539 Apollinem
1074 3459 1195 3520 Delium
1206 3460 1238 3520 in
1250 3478 1374 3520 consar-

264 3574 392 3638 cinando
404 3573 532 3648 utroque
551 3566 582 3626 in
593 3563 768 3645 Apollinem
787 3563 901 3643 hymno
914 3582 983 3624 esse
995 3563 1140 3624 amissum
1151 3564 1298 3643 suspicor.
1326 3563 1375 3624 lle

265 3700 325 3762 qua
336 3674 503 3759 posteriore
515 3669 654 3731 clausula
672 3667 785 3747 optime
804 3667 847 3728 ait
859 3664 1050 3729 Schwalbius
1062 3667 1088 3728 3z
1107 3667 1280 3747 ‚Nunquam
1298 3668 1374 3728 deos

266 3785 342 3847 satis
353 3777 473 3842 laudari
483 3792 576 3856 posse
594 3772 820 3833 arbitrabantur
827 3766 952 3854 (nempe
965 3767 1098 3855 Graeci),
1119 3771 1208 3832 itaut
1219 3790 1310 3849 quum
1322 3772 1375 3833 vel

266 3887 654 3971 quingentorumrersuum
661 3876 1038 3956 hymnumdecantassent,
1047 3876 1204 3936 discedere
1212 3893 1274 3935 non
1282 3876 1375 3936 aude-

264 4046 519 4068 ,,,,,,-,.......-

337 4185 363 4254 1)
381 4180 480 4235 Gisekc
497 4179 607 4234 Homer.
628 4175 821 4248 Forschungen
839 4179 875 4248 (a.
890 4178 968 4248 1864)
986 4193 1031 4246 pg.
1045 4175 1097 4232 234
1114 4191 1171 4245 sqq.

335 4271 362 4339 2)
381 4268 410 4322 in
427 4283 517 4337 progr.
535 4265 668 4321 Glovicns.
688 4281 712 4319 a.
733 4266 802 4322 1852
819 4283 864 4335 pg.
879 4267 921 4319 11.

335 4357 362 4426 3)
380 4356 397 4409 l.
417 4355 436 4409 l.
457 4371 503 4422 pg.
518 4353 559 4408 11.
