<?xml version="1.0" encoding="UTF-8"?>
<!DOCTYPE html PUBLIC "-//W3C//DTD XHTML 1.0 Transitional//EN"
    "http://www.w3.org/TR/xhtml1/DTD/xhtml1-transitional.dtd">
<html xmlns="http://www.w3.org/1999/xhtml" xml:lang="en" lang="en">
 <head>
  <title>
</title>
<meta http-equiv="Content-Type" content="text/html;charset=utf-8" />
  <meta name='ocr-system' content='tesseract 3.04.00' />
  <meta name='ocr-capabilities' content='ocr_page ocr_carea ocr_par ocr_line ocrx_word'/>
</head>
<body>
  <div class='ocr_page' id='page_1' title='image "./prolegomenaadhy01thiegoog_0018.png"; bbox 0 0 3082 4936; ppageno 0'>
   <div class='ocr_carea' id='block_1_1' title="bbox 1 4335 3 4438">
    <p class='ocr_par' dir='ltr' id='par_1_1' title="bbox 1 4335 3 4438">
     <span class='ocr_line' id='line_1_1' title="bbox 1 4335 3 4396; baseline 0 0"><span class='ocrx_word' id='word_1_1' title='bbox 1 4335 3 4396; x_wconf 85' lang='lat' dir='ltr'>l</span> 
     </span>
     <span class='ocr_line' id='line_1_2' title="bbox 1 4401 2 4438; baseline 0 0"><span class='ocrx_word' id='word_1_2' title='bbox 1 4401 2 4438; x_wconf 83' lang='lat' dir='ltr'>l</span> 
     </span>
    </p>
   </div>
   <div class='ocr_carea' id='block_1_2' title="bbox 634 335 828 392">
    <p class='ocr_par' dir='ltr' id='par_1_2' title="bbox 634 335 828 392">
     <span class='ocr_line' id='line_1_3' title="bbox 634 335 828 392; baseline 0 -18"><span class='ocrx_word' id='word_1_3' title='bbox 634 335 828 392; x_wconf 73' lang='lat'>-9..</span> 
     </span>
    </p>
   </div>
   <div class='ocr_carea' id='block_1_3' title="bbox 173 515 1291 2790">
    <p class='ocr_par' dir='ltr' id='par_1_3' title="bbox 175 515 1291 1121">
     <span class='ocr_line' id='line_1_4' title="bbox 175 515 1291 600; baseline 0 -20"><span class='ocrx_word' id='word_1_4' title='bbox 175 522 270 600; x_wconf 84' lang='lat' dir='ltr'>longa</span> <span class='ocrx_word' id='word_1_5' title='bbox 298 517 469 598; x_wconf 85' lang='lat' dir='ltr'>excogitari</span> <span class='ocrx_word' id='word_1_6' title='bbox 496 519 617 599; x_wconf 67' lang='lat' dir='ltr'>potest!</span> <span class='ocrx_word' id='word_1_7' title='bbox 659 515 719 578; x_wconf 86' lang='lat' dir='ltr'>Est</span> <span class='ocrx_word' id='word_1_8' title='bbox 747 516 844 596; x_wconf 84' lang='lat' dir='ltr'>igitur</span> <span class='ocrx_word' id='word_1_9' title='bbox 871 539 912 579; x_wconf 88' lang='lat' dir='ltr'>ex</span> <span class='ocrx_word' id='word_1_10' title='bbox 942 519 1097 580; x_wconf 87' lang='lat' dir='ltr'>sententia</span> <span class='ocrx_word' id='word_1_11' title='bbox 1129 518 1291 580; x_wconf 87' lang='lat' dir='ltr'>Matthiaei</span> 
     </span>
     <span class='ocr_line' id='line_1_5' title="bbox 176 622 1291 704; baseline -0.002 -19"><span class='ocrx_word' id='word_1_12' title='bbox 176 643 299 686; x_wconf 89' lang='lat' dir='ltr'>carmen</span> <span class='ocrx_word' id='word_1_13' title='bbox 326 626 468 684; x_wconf 88' lang='lat' dir='ltr'>nostrum</span> <span class='ocrx_word' id='word_1_14' title='bbox 494 643 549 702; x_wconf 90' lang='lat' dir='ltr'>pro</span> <span class='ocrx_word' id='word_1_15' title='bbox 569 641 643 683; x_wconf 88' lang='grc'><strong>1616</strong></span> <span class='ocrx_word' id='word_1_16' title='bbox 667 622 822 702; x_wconf 89' lang='lat' dir='ltr'>prooemio</span> <span class='ocrx_word' id='word_1_17' title='bbox 844 622 1033 699; x_wconf 90' lang='lat' dir='ltr'>habendum,</span> <span class='ocrx_word' id='word_1_18' title='bbox 1064 643 1123 704; x_wconf 94' lang='lat' dir='ltr'>quo</span> <span class='ocrx_word' id='word_1_19' title='bbox 1145 622 1291 703; x_wconf 87' lang='lat' dir='ltr'>rhapsodi</span> 
     </span>
     <span class='ocr_line' id='line_1_6' title="bbox 175 725 1289 808; baseline 0 -19"><span class='ocrx_word' id='word_1_20' title='bbox 175 726 361 790; x_wconf 87' lang='lat' dir='ltr'>inchoabant</span> <span class='ocrx_word' id='word_1_21' title='bbox 375 727 427 787; x_wconf 91' lang='grc'>161</span> <span class='ocrx_word' id='word_1_22' title='bbox 442 745 511 788; x_wconf 90' lang='lat' dir='ltr'>eam</span> <span class='ocrx_word' id='word_1_23' title='bbox 526 726 694 788; x_wconf 87' lang='lat' dir='ltr'>carminum</span> <span class='ocrx_word' id='word_1_24' title='bbox 708 725 929 788; x_wconf 90' lang='lat' dir='ltr'>homerioorum</span> <span class='ocrx_word' id='word_1_25' title='bbox 939 729 1068 807; x_wconf 88' lang='lat' dir='ltr'>partem,</span> <span class='ocrx_word' id='word_1_26' title='bbox 1090 746 1151 808; x_wconf 91' lang='lat' dir='ltr'>qua</span> <span class='ocrx_word' id='word_1_27' title='bbox 1165 725 1289 789; x_wconf 78' lang='lat' dir='ltr'><strong>Aeneas</strong></span> 
     </span>
     <span class='ocr_line' id='line_1_7' title="bbox 177 829 1290 913; baseline -0.002 -19"><span class='ocrx_word' id='word_1_28' title='bbox 177 831 361 912; x_wconf 84' lang='lat' dir='ltr'>cognatique</span> <span class='ocrx_word' id='word_1_29' title='bbox 388 831 455 891; x_wconf 89' lang='lat' dir='ltr'>eius</span> <span class='ocrx_word' id='word_1_30' title='bbox 485 829 618 891; x_wconf 81' lang='lat' dir='ltr'><strong>maxime</strong></span> <span class='ocrx_word' id='word_1_31' title='bbox 650 829 899 905; x_wconf 74' lang='lat' dir='ltr'>celebrabantur,</span> <span class='ocrx_word' id='word_1_32' title='bbox 923 831 975 890; x_wconf 87' lang='lat' dir='ltr'>vel</span> <span class='ocrx_word' id='word_1_33' title='bbox 1006 831 1155 907; x_wconf 89' lang='lat' dir='ltr'>carmina,</span> <span class='ocrx_word' id='word_1_34' title='bbox 1179 831 1290 913; x_wconf 88' lang='lat' dir='ltr'>quibus</span> 
     </span>
     <span class='ocr_line' id='line_1_8' title="bbox 178 933 1289 1014; baseline 0.003 -20"><span class='ocrx_word' id='word_1_35' title='bbox 178 933 302 996; x_wconf 79' lang='lat' dir='ltr'>Aeneae</span> <span class='ocrx_word' id='word_1_36' title='bbox 323 954 373 995; x_wconf 90' lang='grc'>166</span> <span class='ocrx_word' id='word_1_37' title='bbox 396 936 506 1014; x_wconf 85' lang='lat' dir='ltr'>gestae</span> <span class='ocrx_word' id='word_1_38' title='bbox 527 934 671 994; x_wconf 82' lang='lat' dir='ltr'>laudibus</span> <span class='ocrx_word' id='word_1_39' title='bbox 695 933 931 995; x_wconf 75' lang='lat' dir='ltr'>extollebantur.</span> <span class='ocrx_word' id='word_1_40' title='bbox 984 935 1074 1006; x_wconf 75' lang='lat' dir='ltr'>Quae</span> <span class='ocrx_word' id='word_1_41' title='bbox 1097 935 1128 996; x_wconf 92' lang='lat' dir='ltr'>in</span> <span class='ocrx_word' id='word_1_42' title='bbox 1153 935 1289 1011; x_wconf 85' lang='lat' dir='ltr'>urbibus,</span> 
     </span>
     <span class='ocr_line' id='line_1_9' title="bbox 176 1036 1287 1121; baseline -0.001 -21"><span class='ocrx_word' id='word_1_43' title='bbox 176 1040 207 1100; x_wconf 91' lang='lat' dir='ltr'>in</span> <span class='ocrx_word' id='word_1_44' title='bbox 228 1040 337 1121; x_wconf 83' lang='lat' dir='ltr'>quibus</span> <span class='ocrx_word' id='word_1_45' title='bbox 353 1036 517 1099; x_wconf 84' lang='lat' dir='ltr'>Aeneadae</span> <span class='ocrx_word' id='word_1_46' title='bbox 532 1038 712 1117; x_wconf 80' lang='lat' dir='ltr'>regnabant,</span> <span class='ocrx_word' id='word_1_47' title='bbox 728 1038 881 1118; x_wconf 88' lang='lat' dir='ltr'>permulta</span> <span class='ocrx_word' id='word_1_48' title='bbox 892 1038 990 1100; x_wconf 87' lang='lat' dir='ltr'>fuisse</span> <span class='ocrx_word' id='word_1_49' title='bbox 1005 1039 1195 1102; x_wconf 87' lang='lat' dir='ltr'>Matthiaeus</span> <span class='ocrx_word' id='word_1_50' title='bbox 1210 1040 1287 1100; x_wconf 83' lang='lat' dir='ltr'>vult.</span> 
     </span>
    </p>

    <p class='ocr_par' dir='ltr' id='par_1_4' title="bbox 174 1141 1290 1746">
     <span class='ocr_line' id='line_1_10' title="bbox 263 1141 1287 1225; baseline -0.001 -21"><span class='ocrx_word' id='word_1_51' title='bbox 263 1141 374 1222; x_wconf 92' lang='lat' dir='ltr'>Opinio</span> <span class='ocrx_word' id='word_1_52' title='bbox 407 1161 481 1203; x_wconf 88' lang='lat' dir='ltr'>sane</span> <span class='ocrx_word' id='word_1_53' title='bbox 505 1142 634 1223; x_wconf 89' lang='lat' dir='ltr'>optima,</span> <span class='ocrx_word' id='word_1_54' title='bbox 665 1159 755 1223; x_wconf 89' lang='lat' dir='ltr'>quam</span> <span class='ocrx_word' id='word_1_55' title='bbox 779 1142 818 1202; x_wconf 86' lang='lat' dir='ltr'>ad</span> <span class='ocrx_word' id='word_1_56' title='bbox 836 1145 974 1204; x_wconf 89' lang='lat' dir='ltr'>nostram</span> <span class='ocrx_word' id='word_1_57' title='bbox 995 1143 1094 1224; x_wconf 88' lang='lat' dir='ltr'>ipsam</span> <span class='ocrx_word' id='word_1_58' title='bbox 1116 1144 1155 1204; x_wconf 91' lang='lat' dir='ltr'>de</span> <span class='ocrx_word' id='word_1_59' title='bbox 1172 1143 1287 1225; x_wconf 80' lang='lat' dir='ltr'>hymno</span> 
     </span>
     <span class='ocr_line' id='line_1_11' title="bbox 175 1245 1290 1328; baseline -0.002 -18"><span class='ocrx_word' id='word_1_60' title='bbox 175 1247 361 1310; x_wconf 90' lang='lat' dir='ltr'>sententiam</span> <span class='ocrx_word' id='word_1_61' title='bbox 383 1246 613 1327; x_wconf 81' lang='lat' dir='ltr'>concipiendam</span> <span class='ocrx_word' id='word_1_62' title='bbox 635 1245 786 1307; x_wconf 83' lang='lat' dir='ltr'>maximae</span> <span class='ocrx_word' id='word_1_63' title='bbox 809 1246 905 1308; x_wconf 81' lang='lat' dir='ltr'>fuisse</span> <span class='ocrx_word' id='word_1_64' title='bbox 926 1247 1053 1310; x_wconf 86' lang='lat' dir='ltr'>utilitati</span> <span class='ocrx_word' id='word_1_65' title='bbox 1074 1248 1206 1310; x_wconf 87' lang='lat' dir='ltr'>libenter</span> <span class='ocrx_word' id='word_1_66' title='bbox 1220 1265 1290 1328; x_wconf 89' lang='lat' dir='ltr'>pro-</span> 
     </span>
     <span class='ocr_line' id='line_1_12' title="bbox 174 1333 1289 1434; baseline 0 -22"><span class='ocrx_word' id='word_1_67' title='bbox 174 1351 305 1412; x_wconf 89' lang='lat' dir='ltr'>fitemur.</span> <span class='ocrx_word' id='word_1_68' title='bbox 336 1333 509 1412; x_wconf 89' lang='lat' dir='ltr'>Dolendum</span> <span class='ocrx_word' id='word_1_69' title='bbox 531 1353 634 1412; x_wconf 90' lang='lat' dir='ltr'>autem</span> <span class='ocrx_word' id='word_1_70' title='bbox 657 1349 814 1432; x_wconf 79' lang='lat' dir='ltr'>estquod</span> <span class='ocrx_word' id='word_1_71' title='bbox 836 1349 1026 1413; x_wconf 88' lang='lat' dir='ltr'>Matthiaeus</span> <span class='ocrx_word' id='word_1_72' title='bbox 1047 1371 1094 1427; x_wconf 87' lang='lat' dir='ltr'>ea,</span> <span class='ocrx_word' id='word_1_73' title='bbox 1116 1371 1194 1434; x_wconf 89' lang='lat' dir='ltr'>quae</span> <span class='ocrx_word' id='word_1_74' title='bbox 1219 1371 1289 1432; x_wconf 91' lang='lat' dir='ltr'>pro-</span> 
     </span>
     <span class='ocr_line' id='line_1_13' title="bbox 175 1455 1289 1538; baseline 0.002 -22"><span class='ocrx_word' id='word_1_75' title='bbox 175 1455 264 1532; x_wconf 91' lang='lat' dir='ltr'>tulit,</span> <span class='ocrx_word' id='word_1_76' title='bbox 291 1455 391 1536; x_wconf 88' lang='lat' dir='ltr'>magis</span> <span class='ocrx_word' id='word_1_77' title='bbox 423 1475 491 1516; x_wconf 91' lang='lat' dir='ltr'>cum</span> <span class='ocrx_word' id='word_1_78' title='bbox 520 1455 707 1517; x_wconf 83' lang='lat' dir='ltr'>divinatione</span> <span class='ocrx_word' id='word_1_79' title='bbox 731 1455 862 1536; x_wconf 90' lang='lat' dir='ltr'>quadam</span> <span class='ocrx_word' id='word_1_80' title='bbox 880 1455 1065 1518; x_wconf 84' lang='lat' dir='ltr'>coniectavit</span> <span class='ocrx_word' id='word_1_81' title='bbox 1086 1475 1177 1538; x_wconf 89' lang='lat' dir='ltr'>quam</span> <span class='ocrx_word' id='word_1_82' title='bbox 1197 1476 1289 1537; x_wconf 83' lang='lat' dir='ltr'>argu-</span> 
     </span>
     <span class='ocr_line' id='line_1_14' title="bbox 176 1558 1290 1640; baseline 0.002 -20"><span class='ocrx_word' id='word_1_83' title='bbox 176 1562 278 1620; x_wconf 87' lang='lat' dir='ltr'>menta</span> <span class='ocrx_word' id='word_1_84' title='bbox 306 1558 436 1640; x_wconf 92' lang='lat' dir='ltr'>protulit</span> <span class='ocrx_word' id='word_1_85' title='bbox 469 1560 554 1619; x_wconf 88' lang='lat' dir='ltr'>certa</span> <span class='ocrx_word' id='word_1_86' title='bbox 584 1578 624 1620; x_wconf 86' lang='lat' dir='ltr'>ex</span> <span class='ocrx_word' id='word_1_87' title='bbox 654 1558 761 1639; x_wconf 89' lang='lat' dir='ltr'>hymni</span> <span class='ocrx_word' id='word_1_88' title='bbox 786 1559 885 1639; x_wconf 91' lang='lat' dir='ltr'>ipsius</span> <span class='ocrx_word' id='word_1_89' title='bbox 914 1562 946 1620; x_wconf 86' lang='lat' dir='ltr'>et</span> <span class='ocrx_word' id='word_1_90' title='bbox 973 1560 1077 1622; x_wconf 86' lang='lat' dir='ltr'>fabula</span> <span class='ocrx_word' id='word_1_91' title='bbox 1097 1563 1130 1622; x_wconf 93' lang='lat' dir='ltr'>et</span> <span class='ocrx_word' id='word_1_92' title='bbox 1152 1561 1290 1622; x_wconf 89' lang='lat' dir='ltr'>oratione</span> 
     </span>
     <span class='ocr_line' id='line_1_15' title="bbox 177 1663 1289 1746; baseline 0.001 -22"><span class='ocrx_word' id='word_1_93' title='bbox 177 1664 280 1744; x_wconf 89' lang='lat' dir='ltr'>petita,</span> <span class='ocrx_word' id='word_1_94' title='bbox 302 1664 412 1745; x_wconf 83' lang='lat' dir='ltr'>quibus</span> <span class='ocrx_word' id='word_1_95' title='bbox 437 1682 514 1743; x_wconf 92' lang='lat' dir='ltr'>opus</span> <span class='ocrx_word' id='word_1_96' title='bbox 538 1665 588 1724; x_wconf 89' lang='lat' dir='ltr'>est</span> <span class='ocrx_word' id='word_1_97' title='bbox 607 1681 745 1744; x_wconf 89' lang='lat' dir='ltr'>quaeque</span> <span class='ocrx_word' id='word_1_98' title='bbox 767 1663 832 1723; x_wconf 90' lang='lat' dir='ltr'>sola</span> <span class='ocrx_word' id='word_1_99' title='bbox 854 1663 971 1746; x_wconf 89' lang='lat' dir='ltr'>aliquid</span> <span class='ocrx_word' id='word_1_100' title='bbox 991 1664 1069 1726; x_wconf 90' lang='grc'><strong>66111</strong></span> <span class='ocrx_word' id='word_1_101' title='bbox 1091 1665 1289 1726; x_wconf 85' lang='lat' dir='ltr'>constituunt.</span> 
     </span>
    </p>

    <p class='ocr_par' dir='ltr' id='par_1_5' title="bbox 173 1766 1289 2790">
     <span class='ocr_line' id='line_1_16' title="bbox 262 1766 1289 1849; baseline 0.002 -21"><span class='ocrx_word' id='word_1_102' title='bbox 262 1766 346 1830; x_wconf 89' lang='lat' dir='ltr'>Ante</span> <span class='ocrx_word' id='word_1_103' title='bbox 364 1767 567 1829; x_wconf 85' lang='lat' dir='ltr'>Matthiaeum</span> <span class='ocrx_word' id='word_1_104' title='bbox 593 1766 659 1829; x_wconf 90' lang='lat' dir='ltr'>loh.</span> <span class='ocrx_word' id='word_1_105' title='bbox 682 1766 776 1829; x_wconf 90' lang='lat' dir='ltr'>Henr.</span> <span class='ocrx_word' id='word_1_106' title='bbox 797 1767 930 1829; x_wconf 82' lang='lat' dir='ltr'>Vossius</span> <span class='ocrx_word' id='word_1_107' title='bbox 953 1768 985 1829; x_wconf 92' lang='lat' dir='ltr'>in</span> <span class='ocrx_word' id='word_1_108' title='bbox 1008 1769 1148 1849; x_wconf 88' lang='lat' dir='ltr'>epistolis</span> <span class='ocrx_word' id='word_1_109' title='bbox 1167 1771 1289 1849; x_wconf 91' lang='lat' dir='ltr'>mytho-</span> 
     </span>
     <span class='ocr_line' id='line_1_17' title="bbox 174 1869 1287 1953; baseline -0.001 -18"><span class='ocrx_word' id='word_1_110' title='bbox 174 1869 285 1953; x_wconf 84' lang='lat' dir='ltr'>logieis</span> <span class='ocrx_word' id='word_1_111' title='bbox 315 1872 400 1952; x_wconf 90' lang='lat' dir='ltr'>(edit.</span> <span class='ocrx_word' id='word_1_112' title='bbox 429 1871 515 1953; x_wconf 89' lang='lat' dir='ltr'>prim.</span> <span class='ocrx_word' id='word_1_113' title='bbox 544 1873 605 1933; x_wconf 92' lang='grc'><strong>161.</strong></span> <span class='ocrx_word' id='word_1_114' title='bbox 628 1871 662 1932; x_wconf 90' lang='lat' dir='ltr'><strong>H</strong></span> <span class='ocrx_word' id='word_1_115' title='bbox 692 1872 781 1953; x_wconf 87' lang='lat' dir='ltr'>epist.</span> <span class='ocrx_word' id='word_1_116' title='bbox 805 1877 843 1936; x_wconf 89' lang='lat'>31</span> <span class='ocrx_word' id='word_1_117' title='bbox 876 1892 928 1953; x_wconf 84' lang='lat' dir='ltr'>pg.</span> <span class='ocrx_word' id='word_1_118' title='bbox 953 1877 1036 1951; x_wconf 72' lang='lat'>1763</span> <span class='ocrx_word' id='word_1_119' title='bbox 1060 1873 1131 1934; x_wconf 88' lang='lat' dir='ltr'>edit.</span> <span class='ocrx_word' id='word_1_120' title='bbox 1156 1874 1287 1950; x_wconf 76' lang='lat' dir='ltr'>secund,</span> 
     </span>
     <span class='ocr_line' id='line_1_18' title="bbox 175 1975 1287 2059; baseline 0.002 -22"><span class='ocrx_word' id='word_1_121' title='bbox 175 1995 235 2059; x_wconf 89' lang='lat' dir='ltr'>qua</span> <span class='ocrx_word' id='word_1_122' title='bbox 264 1995 322 2057; x_wconf 84' lang='lat' dir='ltr'>ego</span> <span class='ocrx_word' id='word_1_123' title='bbox 345 1997 422 2038; x_wconf 89' lang='lat' dir='ltr'>usus</span> <span class='ocrx_word' id='word_1_124' title='bbox 451 1997 527 2054; x_wconf 90' lang='lat' dir='ltr'>sum,</span> <span class='ocrx_word' id='word_1_125' title='bbox 551 1975 661 2036; x_wconf 90' lang='grc' dir='ltr'><strong>161Π</strong></span> <span class='ocrx_word' id='word_1_126' title='bbox 683 1976 772 2057; x_wconf 90' lang='lat' dir='ltr'>epist.</span> <span class='ocrx_word' id='word_1_127' title='bbox 796 1980 836 2038; x_wconf 89' lang='grc'>69</span> <span class='ocrx_word' id='word_1_128' title='bbox 855 1997 907 2058; x_wconf 84' lang='lat' dir='ltr'>pg.</span> <span class='ocrx_word' id='word_1_129' title='bbox 930 1977 1005 2054; x_wconf 82' lang='lat'>297)</span> <span class='ocrx_word' id='word_1_130' title='bbox 1026 1977 1198 2058; x_wconf 89' lang='lat' dir='ltr'>opinionem</span> <span class='ocrx_word' id='word_1_131' title='bbox 1217 1997 1287 2059; x_wconf 92' lang='lat' dir='ltr'>pro·</span> 
     </span>
     <span class='ocr_line' id='line_1_19' title="bbox 173 2081 1288 2162; baseline 0 -19"><span class='ocrx_word' id='word_1_132' title='bbox 173 2082 246 2143; x_wconf 91' lang='lat' dir='ltr'>tulit</span> <span class='ocrx_word' id='word_1_133' title='bbox 268 2082 306 2141; x_wconf 92' lang='lat' dir='ltr'>de</span> <span class='ocrx_word' id='word_1_134' title='bbox 329 2082 443 2162; x_wconf 84' lang='lat' dir='ltr'>hymno</span> <span class='ocrx_word' id='word_1_135' title='bbox 467 2084 581 2157; x_wconf 87' lang='lat' dir='ltr'>nostro,</span> <span class='ocrx_word' id='word_1_136' title='bbox 601 2101 691 2162; x_wconf 89' lang='lat' dir='ltr'>quem</span> <span class='ocrx_word' id='word_1_137' title='bbox 713 2081 759 2142; x_wconf 92' lang='lat' dir='ltr'>nti</span> <span class='ocrx_word' id='word_1_138' title='bbox 783 2100 888 2142; x_wconf 89' lang='lat' dir='ltr'>omnes</span> <span class='ocrx_word' id='word_1_139' title='bbox 903 2081 987 2142; x_wconf 91' lang='lat' dir='ltr'>illius</span> <span class='ocrx_word' id='word_1_140' title='bbox 1004 2082 1116 2143; x_wconf 89' lang='lat' dir='ltr'>aetatis</span> <span class='ocrx_word' id='word_1_141' title='bbox 1130 2081 1190 2142; x_wconf 86' lang='lat' dir='ltr'>viri</span> <span class='ocrx_word' id='word_1_142' title='bbox 1205 2083 1288 2144; x_wconf 90' lang='lat' dir='ltr'>docti</span> 
     </span>
     <span class='ocr_line' id='line_1_20' title="bbox 173 2185 1289 2267; baseline 0.003 -21"><span class='ocrx_word' id='word_1_143' title='bbox 173 2185 306 2248; x_wconf 88' lang='lat' dir='ltr'>Homero</span> <span class='ocrx_word' id='word_1_144' title='bbox 335 2185 489 2248; x_wconf 89' lang='lat' dir='ltr'>abiudieat</span> <span class='ocrx_word' id='word_1_145' title='bbox 518 2186 555 2246; x_wconf 94' lang='lat' dir='ltr'>ob</span> <span class='ocrx_word' id='word_1_146' title='bbox 588 2204 639 2246; x_wconf 91' lang='grc'>166</span> <span class='ocrx_word' id='word_1_147' title='bbox 668 2205 718 2246; x_wconf 87' lang='lat' dir='ltr'>ex.</span> <span class='ocrx_word' id='word_1_148' title='bbox 737 2204 805 2248; x_wconf 90' lang='grc'><strong>11166</strong></span> <span class='ocrx_word' id='word_1_149' title='bbox 836 2186 957 2267; x_wconf 90' lang='lat' dir='ltr'>quidem</span> <span class='ocrx_word' id='word_1_150' title='bbox 981 2186 1134 2248; x_wconf 87' lang='lat' dir='ltr'>sententia</span> <span class='ocrx_word' id='word_1_151' title='bbox 1163 2187 1289 2249; x_wconf 90' lang='lat' dir='ltr'>nimium</span> 
     </span>
     <span class='ocr_line' id='line_1_21' title="bbox 174 2289 1288 2370; baseline 0.001 -19"><span class='ocrx_word' id='word_1_152' title='bbox 174 2289 304 2369; x_wconf 81' lang='lat' dir='ltr'>exiguas</span> <span class='ocrx_word' id='word_1_153' title='bbox 335 2325 379 2334; x_wconf 90' lang='lat'><em>-</em></span> <span class='ocrx_word' id='word_1_154' title='bbox 407 2308 479 2351; x_wconf 90' lang='lat' dir='ltr'>nam</span> <span class='ocrx_word' id='word_1_155' title='bbox 502 2290 579 2352; x_wconf 90' lang='lat' dir='ltr'>aliae</span> <span class='ocrx_word' id='word_1_156' title='bbox 604 2292 677 2353; x_wconf 91' lang='lat' dir='ltr'>sunt</span> <span class='ocrx_word' id='word_1_157' title='bbox 698 2309 810 2351; x_wconf 90' lang='lat' dir='ltr'>causae</span> <span class='ocrx_word' id='word_1_158' title='bbox 833 2292 866 2352; x_wconf 91' lang='lat' dir='ltr'>et</span> <span class='ocrx_word' id='word_1_159' title='bbox 887 2290 983 2351; x_wconf 92' lang='lat' dir='ltr'>multo</span> <span class='ocrx_word' id='word_1_160' title='bbox 1008 2290 1168 2370; x_wconf 86' lang='lat' dir='ltr'>graviores</span> <span class='ocrx_word' id='word_1_161' title='bbox 1194 2327 1230 2340; x_wconf 87' lang='lat'>-</span> <span class='ocrx_word' id='word_1_162' title='bbox 1257 2295 1288 2352; x_wconf 89' lang='grc'>61</span> 
     </span>
     <span class='ocr_line' id='line_1_22' title="bbox 173 2391 1288 2476; baseline 0.002 -22"><span class='ocrx_word' id='word_1_163' title='bbox 173 2393 282 2455; x_wconf 88' lang='lat' dir='ltr'>tribuit</span> <span class='ocrx_word' id='word_1_164' title='bbox 310 2394 419 2470; x_wconf 87' lang='lat' dir='ltr'>aetati,</span> <span class='ocrx_word' id='word_1_165' title='bbox 448 2412 508 2474; x_wconf 90' lang='lat' dir='ltr'>qua</span> <span class='ocrx_word' id='word_1_166' title='bbox 535 2394 616 2455; x_wconf 85' lang='lat' dir='ltr'>vixit</span> <span class='ocrx_word' id='word_1_167' title='bbox 642 2391 821 2470; x_wconf 85' lang='lat' dir='ltr'>Anacreon,</span> <span class='ocrx_word' id='word_1_168' title='bbox 849 2394 881 2454; x_wconf 94' lang='lat' dir='ltr'>id</span> <span class='ocrx_word' id='word_1_169' title='bbox 911 2395 1061 2456; x_wconf 87' lang='grc'><strong>66161166</strong></span> <span class='ocrx_word' id='word_1_170' title='bbox 1083 2394 1288 2476; x_wconf 86' lang='lat' dir='ltr'>olympiadem</span> 
     </span>
     <span class='ocr_line' id='line_1_23' title="bbox 175 2496 1289 2578; baseline 0.001 -18"><span class='ocrx_word' id='word_1_171' title='bbox 175 2498 401 2578; x_wconf 80' lang='lat' dir='ltr'>sexagesimam</span> <span class='ocrx_word' id='word_1_172' title='bbox 431 2499 507 2578; x_wconf 82' lang='lat'>(540</span> <span class='ocrx_word' id='word_1_173' title='bbox 528 2516 554 2558; x_wconf 92' lang='lat' dir='ltr'>a.</span> <span class='ocrx_word' id='word_1_174' title='bbox 577 2498 646 2562; x_wconf 85' lang='lat' dir='ltr'>Chr.</span> <span class='ocrx_word' id='word_1_175' title='bbox 669 2498 711 2576; x_wconf 90' lang='grc'><strong>11.)</strong></span> <span class='ocrx_word' id='word_1_176' title='bbox 725 2497 744 2558; x_wconf 86' lang='lat'>¹.</span> <span class='ocrx_word' id='word_1_177' title='bbox 789 2496 833 2560; x_wconf 92' lang='lat' dir='ltr'>At</span> <span class='ocrx_word' id='word_1_178' title='bbox 855 2500 962 2559; x_wconf 89' lang='lat' dir='ltr'>contra</span> <span class='ocrx_word' id='word_1_179' title='bbox 983 2498 1131 2560; x_wconf 87' lang='lat' dir='ltr'>Vossium</span> <span class='ocrx_word' id='word_1_180' title='bbox 1154 2499 1289 2562; x_wconf 83' lang='lat' dir='ltr'>surrexit</span> 
     </span>
     <span class='ocr_line' id='line_1_24' title="bbox 173 2601 1287 2685; baseline 0.003 -23"><span class='ocrx_word' id='word_1_181' title='bbox 173 2601 362 2664; x_wconf 85' lang='lat' dir='ltr'>Matthiaeus</span> <span class='ocrx_word' id='word_1_182' title='bbox 391 2601 423 2663; x_wconf 91' lang='lat' dir='ltr'>in</span> <span class='ocrx_word' id='word_1_183' title='bbox 453 2602 530 2663; x_wconf 91' lang='lat' dir='ltr'>libro</span> <span class='ocrx_word' id='word_1_184' title='bbox 564 2621 582 2663; x_wconf 91' lang='lat' dir='ltr'>a</span> <span class='ocrx_word' id='word_1_185' title='bbox 604 2603 692 2664; x_wconf 92' lang='lat' dir='ltr'>nobis</span> <span class='ocrx_word' id='word_1_186' title='bbox 716 2603 972 2683; x_wconf 88' lang='lat' dir='ltr'>supralaudato,</span> <span class='ocrx_word' id='word_1_187' title='bbox 1000 2603 1052 2685; x_wconf 93' lang='lat' dir='ltr'>qui</span> <span class='ocrx_word' id='word_1_188' title='bbox 1074 2603 1125 2679; x_wconf 90' lang='lat' dir='ltr'>ait,</span> <span class='ocrx_word' id='word_1_189' title='bbox 1146 2604 1287 2665; x_wconf 89' lang='lat' dir='ltr'>dictionis</span> 
     </span>
     <span class='ocr_line' id='line_1_25' title="bbox 173 2706 1288 2790; baseline 0.002 -22"><span class='ocrx_word' id='word_1_190' title='bbox 173 2706 306 2768; x_wconf 89' lang='lat' dir='ltr'>colorem</span> <span class='ocrx_word' id='word_1_191' title='bbox 328 2706 542 2787; x_wconf 89' lang='lat' dir='ltr'>simpliciorem</span> <span class='ocrx_word' id='word_1_192' title='bbox 564 2727 635 2768; x_wconf 91' lang='lat' dir='ltr'>esse</span> <span class='ocrx_word' id='word_1_193' title='bbox 658 2710 690 2768; x_wconf 91' lang='grc'>61</span> <span class='ocrx_word' id='word_1_194' title='bbox 713 2708 870 2784; x_wconf 86' lang='lat' dir='ltr'>altiorem,</span> <span class='ocrx_word' id='word_1_195' title='bbox 903 2709 948 2769; x_wconf 90' lang='lat' dir='ltr'>ita</span> <span class='ocrx_word' id='word_1_196' title='bbox 966 2711 1001 2770; x_wconf 93' lang='lat' dir='ltr'>ut</span> <span class='ocrx_word' id='word_1_197' title='bbox 1023 2709 1158 2790; x_wconf 91' lang='lat' dir='ltr'>hymnus</span> <span class='ocrx_word' id='word_1_198' title='bbox 1181 2711 1288 2772; x_wconf 89' lang='lat' dir='ltr'>noster</span> 
     </span>
    </p>
   </div>
   <div class='ocr_carea' id='block_1_4' title="bbox 171 2811 1393 2893">
    <p class='ocr_par' dir='ltr' id='par_1_6' title="bbox 171 2811 1393 2893">
     <span class='ocr_line' id='line_1_26' title="bbox 171 2811 1393 2893; baseline 0.003 -22"><span class='ocrx_word' id='word_1_199' title='bbox 171 2811 251 2872; x_wconf 88' lang='lat' dir='ltr'>inter</span> <span class='ocrx_word' id='word_1_200' title='bbox 280 2811 418 2872; x_wconf 91' lang='lat' dir='ltr'>homines</span> <span class='ocrx_word' id='word_1_201' title='bbox 449 2811 609 2892; x_wconf 84' lang='lat' dir='ltr'>elegantes</span> <span class='ocrx_word' id='word_1_202' title='bbox 640 2814 672 2874; x_wconf 88' lang='lat' dir='ltr'>et</span> <span class='ocrx_word' id='word_1_203' title='bbox 700 2813 786 2873; x_wconf 88' lang='lat' dir='ltr'>cultu</span> <span class='ocrx_word' id='word_1_204' title='bbox 814 2813 899 2874; x_wconf 89' lang='grc'><strong>11166</strong></span> <span class='ocrx_word' id='word_1_205' title='bbox 921 2813 1100 2874; x_wconf 90' lang='lat' dir='ltr'>humaniore</span> <span class='ocrx_word' id='word_1_206' title='bbox 1123 2813 1287 2893; x_wconf 86' lang='lat' dir='ltr'>expolitos,</span> <span class='ocrx_word' id='word_1_207' title='bbox 1386 2861 1393 2875; x_wconf 83' lang='lat'><em>.</em></span> 
     </span>
    </p>
   </div>
   <div class='ocr_carea' id='block_1_5' title="bbox 171 2915 1289 4255">
    <p class='ocr_par' dir='ltr' id='par_1_7' title="bbox 171 2915 1289 4255">
     <span class='ocr_line' id='line_1_27' title="bbox 173 2915 1287 2998; baseline 0.002 -22"><span class='ocrx_word' id='word_1_208' title='bbox 173 2935 235 2976; x_wconf 93' lang='lat' dir='ltr'>non</span> <span class='ocrx_word' id='word_1_209' title='bbox 261 2917 364 2976; x_wconf 89' lang='lat' dir='ltr'>autem</span> <span class='ocrx_word' id='word_1_210' title='bbox 394 2916 476 2995; x_wconf 91' lang='lat' dir='ltr'>apud</span> <span class='ocrx_word' id='word_1_211' title='bbox 501 2915 649 2996; x_wconf 92' lang='lat' dir='ltr'>populum</span> <span class='ocrx_word' id='word_1_212' title='bbox 670 2915 788 2978; x_wconf 90' lang='lat' dir='ltr'>deliciis</span> <span class='ocrx_word' id='word_1_213' title='bbox 812 2919 843 2977; x_wconf 92' lang='lat' dir='ltr'>et</span> <span class='ocrx_word' id='word_1_214' title='bbox 864 2916 991 2978; x_wconf 88' lang='lat' dir='ltr'>mollitie</span> <span class='ocrx_word' id='word_1_215' title='bbox 1014 2918 1145 2980; x_wconf 84' lang='lat' dir='ltr'>fractum</span> <span class='ocrx_word' id='word_1_216' title='bbox 1167 2935 1287 2998; x_wconf 91' lang='lat' dir='ltr'>compo-</span> 
     </span>
     <span class='ocr_line' id='line_1_28' title="bbox 174 3019 1284 3099; baseline 0.001 -17"><span class='ocrx_word' id='word_1_217' title='bbox 174 3021 252 3082; x_wconf 85' lang='lat' dir='ltr'>situs</span> <span class='ocrx_word' id='word_1_218' title='bbox 268 3039 338 3082; x_wconf 88' lang='grc'><strong>6666</strong></span> <span class='ocrx_word' id='word_1_219' title='bbox 352 3019 459 3099; x_wconf 91' lang='lat' dir='ltr'>possit.</span> <span class='ocrx_word' id='word_1_220' title='bbox 491 3019 617 3090; x_wconf 81' lang='lat' dir='ltr'>Quanta</span> <span class='ocrx_word' id='word_1_221' title='bbox 631 3039 705 3081; x_wconf 91' lang='grc'><strong>1616</strong></span> <span class='ocrx_word' id='word_1_222' title='bbox 721 3021 845 3082; x_wconf 85' lang='lat' dir='ltr'>luxuria</span> <span class='ocrx_word' id='word_1_223' title='bbox 861 3024 893 3082; x_wconf 94' lang='lat' dir='ltr'>et</span> <span class='ocrx_word' id='word_1_224' title='bbox 904 3021 1032 3082; x_wconf 91' lang='lat' dir='ltr'>mollitie</span> <span class='ocrx_word' id='word_1_225' title='bbox 1043 3020 1137 3083; x_wconf 89' lang='grc'><strong>161166</strong></span> <span class='ocrx_word' id='word_1_226' title='bbox 1149 3020 1284 3084; x_wconf 86' lang='grc' dir='ltr'><strong>Α16616-</strong></span> 
     </span>
     <span class='ocr_line' id='line_1_29' title="bbox 173 3124 1286 3206; baseline 0.002 -20"><span class='ocrx_word' id='word_1_227' title='bbox 173 3126 254 3187; x_wconf 89' lang='lat' dir='ltr'>ontis</span> <span class='ocrx_word' id='word_1_228' title='bbox 277 3127 379 3186; x_wconf 90' lang='lat' dir='ltr'>aetate</span> <span class='ocrx_word' id='word_1_229' title='bbox 401 3125 488 3205; x_wconf 88' lang='lat' dir='ltr'>quasi</span> <span class='ocrx_word' id='word_1_230' title='bbox 511 3125 612 3188; x_wconf 90' lang='lat' dir='ltr'>obruti</span> <span class='ocrx_word' id='word_1_231' title='bbox 634 3125 749 3186; x_wconf 87' lang='lat' dir='ltr'>fuerint</span> <span class='ocrx_word' id='word_1_232' title='bbox 764 3125 832 3206; x_wconf 91' lang='lat' dir='ltr'>quis</span> <span class='ocrx_word' id='word_1_233' title='bbox 847 3125 964 3187; x_wconf 85' lang='lat' dir='ltr'>nescit?</span> <span class='ocrx_word' id='word_1_234' title='bbox 993 3124 1147 3195; x_wconf 75' lang='lat' dir='ltr'>Quocirca</span> <span class='ocrx_word' id='word_1_235' title='bbox 1160 3126 1286 3188; x_wconf 88' lang='lat' dir='ltr'>Matthi-</span> 
     </span>
     <span class='ocr_line' id='line_1_30' title="bbox 172 3229 1287 3310; baseline 0.003 -19"><span class='ocrx_word' id='word_1_236' title='bbox 172 3248 247 3292; x_wconf 89' lang='lat' dir='ltr'>aeus</span> <span class='ocrx_word' id='word_1_237' title='bbox 270 3231 418 3310; x_wconf 90' lang='lat' dir='ltr'>hymnum</span> <span class='ocrx_word' id='word_1_238' title='bbox 436 3232 576 3291; x_wconf 87' lang='lat' dir='ltr'>nostrum</span> <span class='ocrx_word' id='word_1_239' title='bbox 597 3229 704 3292; x_wconf 87' lang='lat' dir='ltr'>leniae</span> <span class='ocrx_word' id='word_1_240' title='bbox 723 3232 816 3291; x_wconf 90' lang='lat' dir='ltr'>rebus</span> <span class='ocrx_word' id='word_1_241' title='bbox 835 3229 1015 3292; x_wconf 89' lang='lat' dir='ltr'>florentibus</span> <span class='ocrx_word' id='word_1_242' title='bbox 1031 3231 1202 3293; x_wconf 85' lang='lat' dir='ltr'>confectum</span> <span class='ocrx_word' id='word_1_243' title='bbox 1217 3251 1287 3294; x_wconf 90' lang='lat' dir='ltr'>esse</span> 
     </span>
     <span class='ocr_line' id='line_1_31' title="bbox 171 3334 1288 3416; baseline 0.001 -20"><span class='ocrx_word' id='word_1_244' title='bbox 171 3335 305 3411; x_wconf 86' lang='lat' dir='ltr'>mavult,</span> <span class='ocrx_word' id='word_1_245' title='bbox 335 3354 429 3416; x_wconf 90' lang='lat' dir='ltr'>quum</span> <span class='ocrx_word' id='word_1_246' title='bbox 456 3334 618 3414; x_wconf 87' lang='lat' dir='ltr'>disciplina</span> <span class='ocrx_word' id='word_1_247' title='bbox 640 3337 764 3416; x_wconf 89' lang='lat' dir='ltr'>patrum</span> <span class='ocrx_word' id='word_1_248' title='bbox 786 3336 864 3396; x_wconf 87' lang='lat' dir='ltr'>bene</span> <span class='ocrx_word' id='word_1_249' title='bbox 885 3339 1010 3398; x_wconf 84' lang='lat' dir='ltr'>servata</span> <span class='ocrx_word' id='word_1_250' title='bbox 1032 3354 1132 3397; x_wconf 87' lang='lat' dir='ltr'>mores</span> <span class='ocrx_word' id='word_1_251' title='bbox 1153 3337 1288 3397; x_wconf 92' lang='lat' dir='ltr'>nondum</span> 
     </span>
     <span class='ocr_line' id='line_1_32' title="bbox 172 3439 1288 3521; baseline 0.003 -21"><span class='ocrx_word' id='word_1_252' title='bbox 172 3440 308 3520; x_wconf 90' lang='lat' dir='ltr'>corrupti</span> <span class='ocrx_word' id='word_1_253' title='bbox 329 3442 444 3514; x_wconf 84' lang='lat' dir='ltr'>essent,</span> <span class='ocrx_word' id='word_1_254' title='bbox 465 3440 597 3502; x_wconf 85' lang='lat' dir='ltr'>fortasse</span> <span class='ocrx_word' id='word_1_255' title='bbox 620 3443 766 3520; x_wconf 87' lang='lat' dir='ltr'>tempore,</span> <span class='ocrx_word' id='word_1_256' title='bbox 788 3459 847 3521; x_wconf 93' lang='lat' dir='ltr'>quo</span> <span class='ocrx_word' id='word_1_257' title='bbox 870 3440 951 3500; x_wconf 84' lang='lat' dir='ltr'>vixit</span> <span class='ocrx_word' id='word_1_258' title='bbox 973 3439 1183 3517; x_wconf 88' lang='lat' dir='ltr'>Mimnermus,</span> <span class='ocrx_word' id='word_1_259' title='bbox 1207 3441 1288 3504; x_wconf 90' lang='lat' dir='ltr'>circa</span> 
     </span>
     <span class='ocr_line' id='line_1_33' title="bbox 171 3543 1286 3626; baseline 0.002 -21"><span class='ocrx_word' id='word_1_260' title='bbox 171 3543 386 3624; x_wconf 89' lang='lat' dir='ltr'>Olympiadem</span> <span class='ocrx_word' id='word_1_261' title='bbox 416 3543 600 3606; x_wconf 87' lang='lat' dir='ltr'>tricesimam</span> <span class='ocrx_word' id='word_1_262' title='bbox 626 3545 787 3626; x_wconf 90' lang='lat' dir='ltr'>septimam</span> <span class='ocrx_word' id='word_1_263' title='bbox 810 3545 848 3623; x_wconf 86' lang='lat' dir='ltr'>(a.</span> <span class='ocrx_word' id='word_1_264' title='bbox 871 3548 933 3606; x_wconf 89' lang='grc'>630</span> <span class='ocrx_word' id='word_1_265' title='bbox 958 3548 1019 3606; x_wconf 88' lang='lat' dir='ltr'>ant.</span> <span class='ocrx_word' id='word_1_266' title='bbox 1044 3545 1155 3609; x_wconf 82' lang='lat' dir='ltr'>Christ.</span> <span class='ocrx_word' id='word_1_267' title='bbox 1177 3545 1286 3624; x_wconf 59' lang='lat' dir='ltr'>narse.</span> 
     </span>
     <span class='ocr_line' id='line_1_34' title="bbox 172 3645 1286 3730; baseline 0 -20"><span class='ocrx_word' id='word_1_268' title='bbox 172 3647 317 3730; x_wconf 81' lang='lat' dir='ltr'>Sequitur</span> <span class='ocrx_word' id='word_1_269' title='bbox 349 3648 421 3709; x_wconf 91' lang='lat' dir='ltr'>dein</span> <span class='ocrx_word' id='word_1_270' title='bbox 443 3645 638 3710; x_wconf 80' lang='lat' dir='ltr'>Godofredus</span> <span class='ocrx_word' id='word_1_271' title='bbox 660 3649 873 3724; x_wconf 87' lang='lat' dir='ltr'>Hermannus,</span> <span class='ocrx_word' id='word_1_272' title='bbox 904 3649 1006 3730; x_wconf 92' lang='lat' dir='ltr'>quiin</span> <span class='ocrx_word' id='word_1_273' title='bbox 1029 3650 1161 3730; x_wconf 86' lang='lat' dir='ltr'>epistola</span> <span class='ocrx_word' id='word_1_274' title='bbox 1184 3650 1224 3712; x_wconf 91' lang='lat' dir='ltr'>ad</span> <span class='ocrx_word' id='word_1_275' title='bbox 1245 3649 1286 3711; x_wconf 90' lang='grc'>11-</span> 
     </span>
     <span class='ocr_line' id='line_1_35' title="bbox 172 3752 1285 3835; baseline 0.003 -22"><span class='ocrx_word' id='word_1_276' title='bbox 172 3753 297 3833; x_wconf 86' lang='lat' dir='ltr'>genium</span> <span class='ocrx_word' id='word_1_277' title='bbox 326 3754 400 3814; x_wconf 91' lang='lat' dir='ltr'>data</span> <span class='ocrx_word' id='word_1_278' title='bbox 430 3755 462 3814; x_wconf 91' lang='lat' dir='ltr'>et</span> <span class='ocrx_word' id='word_1_279' title='bbox 490 3752 616 3814; x_wconf 89' lang='lat' dir='ltr'>editioni</span> <span class='ocrx_word' id='word_1_280' title='bbox 638 3754 821 3835; x_wconf 90' lang='lat' dir='ltr'>hymnorum</span> <span class='ocrx_word' id='word_1_281' title='bbox 852 3772 927 3815; x_wconf 87' lang='lat' dir='ltr'>suae</span> <span class='ocrx_word' id='word_1_282' title='bbox 959 3753 1098 3834; x_wconf 87' lang='lat' dir='ltr'>praefixa</span> <span class='ocrx_word' id='word_1_283' title='bbox 1120 3755 1285 3831; x_wconf 87' lang='lat' dir='ltr'>contendit,</span> 
     </span>
     <span class='ocr_line' id='line_1_36' title="bbox 171 3855 1288 3939; baseline 0.003 -22"><span class='ocrx_word' id='word_1_284' title='bbox 171 3857 302 3938; x_wconf 87' lang='lat' dir='ltr'>hymnos</span> <span class='ocrx_word' id='word_1_285' title='bbox 325 3855 504 3918; x_wconf 91' lang='lat' dir='ltr'>Homericos</span> <span class='ocrx_word' id='word_1_286' title='bbox 526 3857 640 3919; x_wconf 89' lang='lat' dir='ltr'>multas</span> <span class='ocrx_word' id='word_1_287' title='bbox 662 3859 818 3939; x_wconf 87' lang='lat' dir='ltr'>accepisse</span> <span class='ocrx_word' id='word_1_288' title='bbox 834 3858 937 3920; x_wconf 88' lang='lat' dir='ltr'>clades</span> <span class='ocrx_word' id='word_1_289' title='bbox 953 3860 991 3919; x_wconf 91' lang='lat' dir='ltr'>ab</span> <span class='ocrx_word' id='word_1_290' title='bbox 1007 3858 1288 3939; x_wconf 83' lang='lat' dir='ltr'>interpolatoribus,</span> 
     </span>
     <span class='ocr_line' id='line_1_37' title="bbox 172 3962 1289 4044; baseline 0.002 -20"><span class='ocrx_word' id='word_1_291' title='bbox 172 3962 224 4044; x_wconf 92' lang='lat' dir='ltr'>qui</span> <span class='ocrx_word' id='word_1_292' title='bbox 243 3963 342 4024; x_wconf 92' lang='lat' dir='ltr'>multa</span> <span class='ocrx_word' id='word_1_293' title='bbox 361 3964 552 4038; x_wconf 89' lang='lat' dir='ltr'>mutassent,</span> <span class='ocrx_word' id='word_1_294' title='bbox 580 3962 787 4042; x_wconf 89' lang='lat' dir='ltr'>dempsissent</span> <span class='ocrx_word' id='word_1_295' title='bbox 794 4005 802 4040; x_wconf 90' lang='lat'>,-</span> <span class='ocrx_word' id='word_1_296' title='bbox 833 3963 1039 4040; x_wconf 88' lang='lat' dir='ltr'>addidissent,</span> <span class='ocrx_word' id='word_1_297' title='bbox 1059 3984 1119 4026; x_wconf 90' lang='lat' dir='ltr'>non</span> <span class='ocrx_word' id='word_1_298' title='bbox 1141 3965 1231 4026; x_wconf 93' lang='lat' dir='ltr'>modo</span> <span class='ocrx_word' id='word_1_299' title='bbox 1253 3969 1289 4026; x_wconf 90' lang='lat' dir='ltr'>ut</span> 
     </span>
     <span class='ocr_line' id='line_1_38' title="bbox 171 4066 1289 4150; baseline 0.001 -22"><span class='ocrx_word' id='word_1_300' title='bbox 171 4067 296 4128; x_wconf 85' lang='lat' dir='ltr'>diversa</span> <span class='ocrx_word' id='word_1_301' title='bbox 332 4066 466 4128; x_wconf 89' lang='lat' dir='ltr'>carmina</span> <span class='ocrx_word' id='word_1_302' title='bbox 495 4069 750 4130; x_wconf 87' lang='lat' dir='ltr'>connecterentur</span> <span class='ocrx_word' id='word_1_303' title='bbox 779 4069 811 4128; x_wconf 90' lang='lat' dir='ltr'>et</span> <span class='ocrx_word' id='word_1_304' title='bbox 840 4068 1018 4144; x_wconf 86' lang='lat' dir='ltr'>tolleretur,</span> <span class='ocrx_word' id='word_1_305' title='bbox 1058 4069 1084 4129; x_wconf 90' lang='lat' dir='ltr'>si</span> <span class='ocrx_word' id='word_1_306' title='bbox 1116 4069 1189 4150; x_wconf 91' lang='lat' dir='ltr'>quid</span> <span class='ocrx_word' id='word_1_307' title='bbox 1219 4088 1289 4130; x_wconf 92' lang='lat' dir='ltr'>cum</span> 
     </span>
     <span class='ocr_line' id='line_1_39' title="bbox 174 4169 1289 4255; baseline 0.001 -23"><span class='ocrx_word' id='word_1_308' title='bbox 174 4170 242 4232; x_wconf 91' lang='lat' dir='ltr'>aliis</span> <span class='ocrx_word' id='word_1_309' title='bbox 259 4169 336 4232; x_wconf 89' lang='lat' dir='ltr'>locis</span> <span class='ocrx_word' id='word_1_310' title='bbox 352 4175 516 4251; x_wconf 85' lang='lat' dir='ltr'>pugnaret,</span> <span class='ocrx_word' id='word_1_311' title='bbox 534 4170 693 4234; x_wconf 88' lang='lat' dir='ltr'>sedetiam</span> <span class='ocrx_word' id='word_1_312' title='bbox 707 4173 742 4232; x_wconf 90' lang='lat' dir='ltr'>nt</span> <span class='ocrx_word' id='word_1_313' title='bbox 754 4172 845 4253; x_wconf 91' lang='lat' dir='ltr'>plura</span> <span class='ocrx_word' id='word_1_314' title='bbox 851 4171 998 4249; x_wconf 86' lang='grc'><strong>6611111116,</strong></span> <span class='ocrx_word' id='word_1_315' title='bbox 1014 4173 1168 4255; x_wconf 90' lang='lat' dir='ltr'>inquibus</span> <span class='ocrx_word' id='word_1_316' title='bbox 1181 4173 1289 4235; x_wconf 89' lang='lat' dir='ltr'>eadem</span> 
     </span>
    </p>
   </div>
   <div class='ocr_carea' id='block_1_6' title="bbox 242 4337 1102 4497">
    <p class='ocr_par' dir='ltr' id='par_1_8' title="bbox 242 4337 1102 4497">
     <span class='ocr_line' id='line_1_40' title="bbox 242 4337 1093 4410; baseline -0.004 -14"><span class='ocrx_word' id='word_1_317' title='bbox 242 4340 270 4410; x_wconf 86' lang='lat'>1)</span> <span class='ocrx_word' id='word_1_318' title='bbox 287 4338 321 4393; x_wconf 85' lang='lat' dir='ltr'>ef.</span> <span class='ocrx_word' id='word_1_319' title='bbox 341 4337 499 4408; x_wconf 87' lang='lat' dir='ltr'>Bernhardy</span> <span class='ocrx_word' id='word_1_320' title='bbox 518 4337 613 4394; x_wconf 80' lang='lat' dir='ltr'>Gesch.</span> <span class='ocrx_word' id='word_1_321' title='bbox 631 4339 657 4395; x_wconf 87' lang='lat' dir='ltr'>d.</span> <span class='ocrx_word' id='word_1_322' title='bbox 676 4338 782 4396; x_wconf 81' lang='lat' dir='ltr'>Gricch.</span> <span class='ocrx_word' id='word_1_323' title='bbox 801 4339 936 4406; x_wconf 69' lang='grc'><strong>11111111,</strong></span> <span class='ocrx_word' id='word_1_324' title='bbox 957 4343 971 4396; x_wconf 95' lang='lat'>1</span> <span class='ocrx_word' id='word_1_325' title='bbox 990 4357 1037 4410; x_wconf 82' lang='lat' dir='ltr'>pg.</span> <span class='ocrx_word' id='word_1_326' title='bbox 1051 4339 1093 4394; x_wconf 84' lang='lat'>62.</span> 
     </span>
     <span class='ocr_line' id='line_1_41' title="bbox 242 4423 1102 4497; baseline 0 -15"><span class='ocrx_word' id='word_1_327' title='bbox 242 4427 269 4495; x_wconf 82' lang='lat'>2)</span> <span class='ocrx_word' id='word_1_328' title='bbox 289 4425 321 4482; x_wconf 87' lang='grc'>61.</span> <span class='ocrx_word' id='word_1_329' title='bbox 340 4423 499 4497; x_wconf 87' lang='lat' dir='ltr'>Bernhardy</span> <span class='ocrx_word' id='word_1_330' title='bbox 516 4424 610 4482; x_wconf 81' lang='lat' dir='ltr'>Geseb.</span> <span class='ocrx_word' id='word_1_331' title='bbox 629 4427 654 4484; x_wconf 86' lang='lat' dir='ltr'>d.</span> <span class='ocrx_word' id='word_1_332' title='bbox 672 4425 779 4484; x_wconf 73' lang='grc'><strong>(1116611.</strong></span> <span class='ocrx_word' id='word_1_333' title='bbox 797 4426 866 4484; x_wconf 91' lang='lat' dir='ltr'>Litt.</span> <span class='ocrx_word' id='word_1_334' title='bbox 882 4427 932 4493; x_wconf 59' lang='grc' dir='ltr'>ΠΒ,</span> <span class='ocrx_word' id='word_1_335' title='bbox 951 4428 966 4482; x_wconf 95' lang='grc'>1</span> <span class='ocrx_word' id='word_1_336' title='bbox 985 4443 1032 4496; x_wconf 83' lang='lat' dir='ltr'>pg.</span> <span class='ocrx_word' id='word_1_337' title='bbox 1043 4427 1102 4482; x_wconf 84' lang='lat'><strong>506.</strong></span> 
     </span>
    </p>
   </div>
   <div class='ocr_carea' id='block_1_7' title="bbox 0 0 1546 4936">
    <p class='ocr_par' dir='ltr' id='par_1_9' title="bbox 0 0 1546 4936">
     <span class='ocr_line' id='line_1_42' title="bbox 0 0 1546 4936; baseline 0 1"><span class='ocrx_word' id='word_1_338' title='bbox 0 0 1546 4936; x_wconf 95' lang='lat' dir='ltr'> </span> 
     </span>
    </p>
   </div>
  </div>
 </body>
</html>
