3082 4936
687 298 881 356 ..3-

313 469 523 535 Guttmannus
546 471 669 552 quidem
690 469 722 531 in
745 469 822 531 libro
845 487 944 550 nuper
965 467 1064 542 edito,
1087 468 1136 530 cui
1157 469 1339 549 inscriptum

225 579 274 638 est
302 575 372 653 „De
404 578 588 657 hymnorum
615 573 836 636 homericornm
864 572 994 634 historia
1021 570 1127 634 critica
1155 573 1249 654 partt.
1270 572 1340 634 IV“

227 678 511 762 (Gryphiswaldiae
540 699 566 740 a.
591 678 696 758 1869),
727 677 900 752 contendit,
934 696 952 737 a
974 676 1185 738 Baumeistero
1208 697 1270 738 non
1293 696 1341 753 ea,

227 804 289 866 qua
325 803 402 865 opus
438 790 538 860 esset,
568 782 729 862 diligentia
758 782 896 843 codicum
925 781 1094 862 scripturas
1122 781 1237 843 relatas
1269 802 1340 844 esse

228 891 292 968 (pg.
309 889 370 966 10).
416 886 459 948 At
482 885 691 950 Guttmannus
718 905 827 967 parum
850 885 954 947 attulit
976 904 1032 966 pro
1052 886 1097 948 rei
1119 885 1340 965 magnitudine,

228 993 271 1054 ita
305 996 341 1053 ut
370 993 458 1054 nobis
480 993 535 1054 vix
557 993 751 1072 persuadeat.
796 989 860 1052 Res
880 990 976 1070 igitur
996 990 1095 1052 adhuc
1116 991 1148 1053 in
1169 992 1268 1054 medio
1291 995 1341 1053 est

227 1096 434 1178 relinquenda,
450 1097 522 1158 dum
537 1115 617 1158 nova
629 1101 660 1158 et
671 1095 788 1158 auctior
797 1095 980 1176 hymnorum
992 1095 1137 1172 codicum,
1148 1097 1341 1177 potissimum

128 1224 132 1228 ·
226 1201 339 1262 codicis
355 1199 557 1262 Laurentiani
571 1201 658 1280 (plut.
675 1199 815 1276 XXXII,
831 1201 895 1278 45),
911 1200 950 1261 de
964 1218 1023 1281 quo
1036 1200 1202 1278 dubitatur,
1218 1202 1341 1288 collatio
1455 1189 1457 1196 ’

226 1306 286 1365 erit
314 1305 403 1366 faeta.
450 1305 521 1390 Qua
547 1305 729 1386 hymnorum
757 1303 962 1366 Baumeisteri
995 1304 1129 1366 editione
1153 1305 1259 1368 critica
1282 1307 1341 1368 iter

226 1410 350 1470 tandem
374 1409 525 1472 munitum
553 1411 615 1485 est,
650 1427 709 1491 quo
732 1409 923 1490 argumentis
945 1409 1137 1488 singulorum
1158 1410 1342 1492 hymnorum

228 1513 459 1575 accuratissime
482 1513 667 1575 examinatis
688 1516 780 1594 atque
796 1512 872 1574 locis
889 1514 1042 1594 corruptis
1058 1533 1223 1596 eorumque
1238 1535 1340 1578 emen-

229 1617 401 1678 dationibus
434 1617 558 1698 penitus
588 1617 760 1698 perspectis
789 1637 846 1680 nec
876 1636 938 1678 non
968 1617 1121 1698 scriptura
1141 1638 1182 1680 ex
1202 1620 1341 1684 codicum

228 1721 411 1783 auctoritate
434 1722 571 1782 stabilita
594 1725 626 1783 et
649 1720 827 1784 confirmata
846 1724 939 1803 atque
962 1722 1100 1784 oratione
1121 1734 1153 1784 et
1168 1744 1202 1786 re
1215 1726 1342 1786 metrica

225 1825 332 1904 hymni
359 1827 496 1888 cuiusvis
524 1828 602 1888 hene
633 1827 765 1906 cognitis
786 1827 825 1888 de
844 1846 950 1888 eorum
969 1827 1066 1888 forma
1088 1829 1222 1908 genuina
1243 1848 1280 1891 ae
1303 1831 1341 1891 de

226 1931 326 2011 patria
355 1935 387 1992 et
417 1933 525 2011 poeta,
560 1934 707 2012 quantum
737 1931 811 1994 licet
841 1951 881 1993 ex
903 1931 979 2011 ipsis
1001 1931 1123 2012 hymnis
1146 1951 1341 2012 cognoscere,

226 2034 339 2096 indicia
360 2033 433 2096 ferri
452 2037 591 2115 possunt.
622 2033 711 2098 Unde
735 2036 844 2112 elucet,
867 2054 969 2115 opere,
992 2055 1070 2117 quae
1085 2040 1158 2098 ante
1174 2036 1339 2100 editionem

227 2137 431 2201 Baumeisteri
453 2139 591 2200 coniecta
614 2142 695 2216 sunt,
719 2159 811 2222 quum
827 2141 965 2202 subsidia
984 2142 1098 2219 critica,
1122 2161 1200 2224 qnae
1215 2147 1341 2219 vocant,

227 2267 268 2308 ex
302 2245 469 2308 multarum
505 2248 537 2308 et
571 2245 696 2326 saepius
734 2246 979 2308 absconditarum
1016 2247 1185 2309 editionum
1213 2248 1342 2310 latebris

226 2369 336 2412 eruere
364 2350 461 2412 eoacti
489 2352 595 2412 essent
616 2350 669 2411 vel
691 2350 729 2412 iis
753 2351 874 2412 omnino
897 2354 1054 2428 carerent,
1087 2370 1147 2413 non
1169 2353 1214 2413 ita
1236 2352 1343 2432 magni

227 2455 368 2516 faciende
383 2473 453 2516 esse
476 2455 508 2515 in
528 2455 566 2516 iis
584 2456 686 2531 rebus,
710 2474 789 2536 quae
805 2456 845 2516 ad
859 2455 1022 2518 lectionem
1036 2456 1089 2518 vei
1104 2455 1343 2518 confirmandam

225 2559 278 2620 vel
309 2559 521 2638 corrigendam
549 2561 720 2640 pertinent,
758 2579 942 2642 quamquam
964 2580 1081 2641 negare
1104 2581 1166 2623 non
1188 2561 1342 2638 debemus,

226 2663 330 2724 divine
368 2664 501 2745 quadem
535 2664 675 2726 doctrina
708 2668 740 2728 et
772 2666 945 2747 sagacitate
967 2667 1105 2729 virorum
1138 2667 1177 2728 de
1207 2667 1342 2748 antiquis

227 2765 415 2831 Graecorum
449 2769 561 2832 litteris
588 2769 701 2850 optime
731 2771 909 2832 meritorum
936 2771 1068 2852 piurima
1095 2771 1157 2835 iam
1186 2772 1282 2862 allata
1311 2775 1344 2834 et
1469 2821 1472 2825 .

230 2873 392 2962 explorata
408 2892 498 2950 esse,
522 2893 600 2956 qnae
620 2875 672 2935 vel
694 2875 842 2938 librorum
861 2877 1139 2956 manuscriptorum
1159 2878 1343 2940 austeritate

232 2977 368 3040 stabilita
394 2978 445 3039 vel
475 2979 723 3060 quaestionibus,
762 2999 841 3062 qnae
863 2981 901 3042 de
925 2981 1057 3060 singulis
1079 2983 1171 3044 rebus
1197 2983 1342 3045 subsidiis

232 3079 402 3144 litterarum
424 3083 495 3144 inde
511 3101 529 3144 a
544 3085 767 3166 quinquaginta
782 3085 984 3148 annis-auctis
1000 3088 1032 3148 et
1047 3085 1220 3149 luculenter
1236 3088 1343 3169 ampli-

231 3185 329 3248 ficatis
363 3188 525 3250 institutae
561 3191 647 3265 sunt,
680 3188 876 3252 confirmatae
907 3191 1012 3269 adhue
1038 3193 1122 3252 stant
1149 3195 1181 3254 et
1211 3193 1342 3254 fortasse

231 3293 364 3369 stabunt,
385 3293 569 3372 praesertim
592 3294 620 3355 si
642 3288 681 3355 de
702 3294 887 3374 hymnorum
909 3314 979 3356 cum
1001 3294 1134 3357 Homero
1158 3297 1342 3375 cognatione

229 3397 280 3460 vel
299 3397 337 3457 de
361 3417 465 3464 eornm
487 3416 593 3460 manco
615 3400 647 3460 et
670 3398 793 3479 saepius
817 3399 876 3460 sibi
897 3401 1049 3463 contrario
1073 3404 1253 3480 argumento
1270 3405 1343 3463 sunt

229 3502 410 3582 conscripta.
448 3501 509 3563 Via
531 3505 634 3564 autem
648 3523 704 3583 per
718 3502 963 3566 Baumeistcrum
977 3505 1133 3585 patefacta
1148 3506 1258 3567 mirum
1273 3525 1343 3568 esse
1359 3484 1362 3492 ¹

228 3624 288 3666 non
303 3608 417 3686 potest,
433 3606 514 3687 quod
528 3625 589 3666 non
604 3607 694 3687 pauci
711 3625 747 3670 ac
758 3595 951 3688 potissimum
965 3609 1102 3680 iuvenes,
1126 3610 1178 3692 qui
1191 3610 1344 3691 primitias

229 3709 399 3770 studiorum
413 3729 475 3770 non
490 3709 614 3772 inutiles
627 3713 763 3790 proferre
778 3712 884 3789 velint,
907 3713 997 3774 novis
1011 3714 1074 3776 iliis
1089 3715 1183 3776 armis
1198 3715 1341 3777 instruct‘

228 3813 266 3875 de
286 3813 410 3895 hymnis
431 3814 642 3898 quaestionem
663 3819 699 3876 nt
718 3817 898 3879 eruditionis
921 3820 1078 3881 certamen
1099 3819 1157 3880 sibi
1173 3819 1343 3898 elegerunt.

229 3917 340 3980 Testes
370 3924 443 3982 sunt
471 3920 568 3982 libelii
589 3919 721 3981 Koehnii
744 3921 825 3998 (Hal.
849 3923 956 4000 1866),
979 3921 1115 3986 Schulnii
1136 3923 1217 4001 (Hal.
1236 3926 1342 4003 1868),

227 4023 413 4086 Windisehii
436 4025 533 4106 (Lips.
553 4027 659 4104 1867),
680 4021 788 4088 Grovii
812 4026 1342 4110 (16611116.1861),Ἑί1111111111(1111-

228 4128 374 4207 giomont.
392 4131 497 4208 1866).
542 4129 608 4191 Nec
631 4132 704 4190 sunt
722 4129 847 4199 inutiles
871 4131 902 4192 hi
923 4131 1028 4208 libelli,
1052 4131 1165 4214 quippe
1187 4152 1281 4214 quum
1302 4153 1342 4194 ex

227 4232 265 4294 iis
288 4233 369 4295 mole
389 4251 504 4314 ,magna
527 4253 669 4315 operum,
692 4253 771 4315 quae
794 4239 867 4296 sunt
890 4235 928 4296 de
950 4236 1074 4317 hymnis
1089 4237 1260 4314 homericis,
1281 4257 1342 4300 non

226 4338 365 4417 perlecta
387 4338 476 4400 facile
497 4358 675 4419 cognoscas,
699 4340 772 4420 quid
795 4343 982 4421 quantumve
1003 4359 1021 4404 a
1042 4340 1119 4404 viris
1143 4343 1241 4405 doctis
1257 4343 1289 4404 in
1304 4343 1342 4404 iis

1120 4447 1166 4508 lit
