3082 4936
590 331 806 388 ..17-

234 517 289 582 Uti
311 537 386 580 vero
411 516 545 578 secunda
566 533 678 576 versus
700 533 783 595 pars,
806 531 885 596 quae
900 517 968 575 orta
982 514 1041 575 fuit
1056 513 1153 574 ultera
1168 513 1256 593 pedis

146 623 233 685 tertii
261 640 407 698 caesura,
435 641 492 701 per
513 637 670 682 caesuram
691 617 860 680 bucolicum
882 618 982 678 denuo
1005 621 1053 678 est
1076 617 1191 694 divisa,
1214 618 1258 678 ita

145 729 232 809 prior
263 745 383 808 quoque
404 743 477 805 pars
501 742 629 786 caesura
649 729 720 803 post
742 723 852 802 pedem
873 723 1003 801 primum
1024 721 1126 802 posita
1145 722 1257 782 iterum

147 832 329 894 dissecatur.
373 830 476 902 Quam
503 846 660 889 caesuram
688 828 810 888 adamat
839 825 1005 902 Homerus,
1035 829 1067 888 et
1089 827 1121 887 in
1142 826 1256 906 hymno

148 939 255 997 nostro
278 937 338 997 163
360 954 471 995 versus
494 952 531 994 ea
553 935 689 994 utuntur.
719 929 821 1013 Atque
840 931 898 992 hoc
921 950 1039 1012 quoque
1059 931 1125 991 loco
1146 934 1255 1011 poetae

151 1061 226 1102 usus
248 1059 307 1102 non
330 1039 448 1100 alienus
472 1041 520 1100 est
540 1038 578 1098 ab
600 1035 734 1111 Homeri,
755 1037 868 1117 quippe
890 1036 942 1118 qui
963 1036 1093 1097 eundem
1115 1037 1178 1096 lere
1201 1056 1256 1097 nu-

149 1165 265 1206 merum
294 1143 486 1225 dactylorum
515 1149 546 1202 et
574 1141 778 1220 spondeorum
807 1140 838 1201 in
866 1141 944 1220 pede
970 1141 1066 1220 primo
1090 1141 1255 1202 admiserit.

149 1250 253 1321 Quum
274 1267 348 1310 vero
370 1247 477 1326 lingua
499 1243 618 1307 Graeca
637 1244 819 1325 locupletior
840 1245 967 1306 vocibus
990 1245 1152 1328 dactylicis
1167 1263 1257 1328 quam

149 1354 326 1437 spondaicis
356 1353 412 1429 sit,
446 1349 649 1412 confitendum
678 1353 741 1426 est,
772 1351 827 1412 hoo
850 1351 917 1431 ipso
940 1350 1006 1412 loco
1030 1352 1198 1432 spondeum
1218 1352 1256 1412 ab

149 1458 286 1521 Homero
309 1457 450 1519 adamari.
465 1455 625 1516 Bekkerus
642 1454 673 1534 (l.
690 1455 707 1515 l.
723 1475 774 1536 pg.
791 1457 866 1535 138)
882 1455 978 1535 igitur
992 1456 1072 1516 hunc
1089 1455 1258 1537 spondeum

149 1563 228 1624 locis
249 1562 395 1638 omnihus,
417 1560 525 1642 quibus
547 1558 656 1641 potuit,
679 1560 822 1635 restituit,
845 1580 938 1641 quum
952 1560 1080 1621 formam
1094 1559 1257 1621 vocisvul-

152 1671 270 1746 gatam,
300 1667 327 1728 si
347 1648 414 1726 eiat
437 1663 605 1746 dactylica,
627 1664 758 1725 mutavit
780 1665 812 1724 in
828 1664 1037 1745 spondaicam,
1060 1664 1085 1726 si
1108 1665 1258 1726 eiusmodi

150 1771 271 1832 omnino
290 1771 356 1832 fuit.
401 1768 490 1840 Quae
512 1767 646 1830 Bekkeri
668 1769 745 1830 ratio
768 1768 858 1830 valde
879 1767 1074 1830 confirmatur
1095 1788 1148 1845 eo,
1177 1770 1258 1852 quod

147 1877 283 1939 carmina
309 1875 461 1936 homerica
489 1873 695 1954 perlongum
720 1880 841 1954 tempus
871 1892 932 1934 non
959 1874 1072 1953 scripto
1100 1874 1155 1934 sed
1176 1874 1257 1934 dioto

148 1984 270 2041 tantum
298 2014 339 2022 -
362 1983 396 2040 ut
416 1977 556 2061 equidem
578 1980 652 2059 puto
672 2013 715 2022 -—
737 1997 756 2038 a
779 1978 939 2058 rhapsodis
961 1979 1258 2040 circumferebantur.

149 2084 257 2156 Quare
295 2083 474 2164 saepissime
502 2083 567 2143 lieri
595 2083 712 2162 potuit,
747 2086 782 2143 ut
811 2082 949 2163 syllabae
979 2083 1189 2163 diphthongus
1219 2103 1259 2144 ex

148 2188 276 2268 linguae
308 2187 488 2268 posterioris
510 2187 631 2266 legibus
654 2187 685 2247 in
709 2187 786 2247 duas
808 2188 932 2248 uocales
956 2187 1192 2264 discinderetur,
1215 2189 1259 2249 ita

148 2297 185 2355 ut
208 2295 306 2354 forma
329 2292 481 2373 dactylica
502 2296 534 2353 et
553 2291 735 2372 locupletior
754 2292 910 2353 existeret.
944 2290 987 2353 At
1010 2293 1178 2372 periculum
1202 2295 1259 2368 est,

149 2418 189 2458 ne
215 2397 341 2478 ingenio
370 2397 495 2458 nimium
524 2397 709 2473 tribuamus,
743 2399 774 2458 et
806 2416 863 2478 ego
893 2397 1014 2479 quidem
1035 2398 1141 2479 hymni
1160 2398 1261 2459 nostri

148 2503 234 2564 locos
257 2501 407 2563 eiusmodi
433 2537 467 2546 -
494 2502 539 2563 uti
562 2504 698 2563 suntvv.
714 2506 763 2563 20.
782 2505 831 2564 56.
847 2505 897 2564 72.
914 2505 985 2564 177.
1003 2505 1121 2564 290-
1139 2505 1259 2562 mutare

149 2626 211 2668 non
234 2607 341 2683 audeo,
363 2606 433 2688 quia
461 2607 650 2686 argumentis
675 2607 750 2668 satis
770 2606 866 2668 firmis
890 2607 1051 2668 diiudicari
1070 2627 1132 2668 non
1147 2612 1259 2686 potest,

149 2715 256 2774 utrum
270 2715 362 2792 poeta
377 2729 413 2771 ea
426 2711 477 2790 ipa
489 2710 610 2786 dixerit,
625 2710 870 2792 quaeBekkerus
886 2712 979 2789 iubet,
997 2711 1177 2772 anfortasse
1191 2712 1260 2771 alia.

153 2816 369 2877 Adnotandum
391 2814 520 2897 denique
543 2818 601 2891 est,
623 2815 654 2876 in
666 2817 779 2897 hymno
793 2835 939 2876 versuum
956 2816 1077 2876 illorum
1095 2820 1164 2892 163,
1184 2835 1260 2897 quos

152 2920 199 2980 uti
223 2939 349 2982 caesura
377 2922 447 3001 post
475 2921 585 3000 pedem
615 2919 746 3000 primum
773 2940 867 3002 supra
893 2917 1041 2997 diximus,
1079 2941 1190 2982 versus
1219 2926 1259 2982 76

155 3024 266 3085 habere
289 3025 454 3105 spondeum
476 3026 507 3086 in
529 3027 626 3105 primo
649 3025 737 3106 pede,
760 3029 798 3087 87
822 3028 924 3088 autem
946 3026 1104 3108 dactylum
1121 3046 1258 3108 -quae

154 3129 232 3189 ratio
254 3129 316 3188 fere
335 3131 440 3191 eadem
462 3133 510 3190 est
534 3131 615 3210 apud
639 3130 807 3191 Homerum
833 3131 881 3210 (of.
902 3128 1026 3190 Bokker
1045 3131 1064 3190 l.
1079 3131 1111 3208 l.)

242 3229 384 3314 Sequitur
404 3235 494 3310 dein,
516 3237 552 3296 ut
574 3237 709 3297 breviter
731 3235 919 3297 disseramus
944 3237 982 3296 de
1005 3236 1122 3311 causis,
1151 3235 1260 3316 quibus

151 3357 298 3400 caesurae
320 3338 370 3399 vel
389 3341 562 3420 augeantur
583 3341 634 3400 vel
655 3340 858 3402 debilitentur.
892 3340 942 3401 Hx
958 3340 1142 3402 carminibus
1159 3345 1261 3401 autem

150 3443 313 3506 homericis
337 3445 506 3520 edocemur,
530 3464 674 3507 caesuras
694 3447 857 3507 verborum
880 3445 1105 3507 intermissione
1127 3444 1179 3504 vel
1201 3444 1260 3504 fine

151 3548 322 3610 sententiae
345 3549 478 3609 maxime
502 3531 666 3628 augeri-
698 3550 734 3611 of.
756 3549 844 3610 Iliad.
867 3571 895 3626 o,
918 3551 967 3609 25.
985 3554 1034 3611 33.
1053 3553 1102 3610 43.
1119 3553 1158 3610 47
1185 3549 1260 3610 alios

149 3659 241 3718 locos.
280 3652 369 3723 Quae
392 3653 575 3714 intermissio
599 3656 807 3716 exstrinsecus
831 3655 994 3716 denotatur
1008 3655 1261 3736 interpunctione,

150 3777 244 3840 quam
265 3761 384 3820 vocant.
423 3755 609 3838 Saepissime
633 3776 669 3820 ea
691 3759 845 3820 invenitur
864 3761 896 3820 in
917 3777 1046 3820 caesura
1067 3765 1138 3839 post
1152 3761 1262 3840 pedem

150 3864 296 3943 primum,
331 3883 424 3944 quum
454 3884 471 3924 e
499 3864 638 3944 proximo
668 3883 762 3924 versu
797 3865 949 3926 sententia
971 3865 1003 3925 in
1025 3866 1262 3947 subsequentem

150 3969 355 4029 transferatur
385 3972 439 4028 aut
470 3987 562 4049 quum
584 3986 746 4048 personae,
782 3970 867 4029 euius
891 3989 992 4031 mores
1012 3979 1132 4030 autres
1154 3975 1261 4049 gestae

151 4072 182 4132 in
202 4072 341 4152 proximo
363 4091 457 4132 versu
480 4073 634 4154 descripta
655 4075 736 4148 sunt,
758 4092 868 4134 nomen
892 4077 1143 4136 commemoretur
1160 4073 1212 4134 vel
1232 4073 1262 4134 ei

153 4175 298 4256 affigatur
323 4176 479 4256 epitheton
504 4197 625 4255 ornans,
648 4177 729 4259 quod
749 4177 869 4256 dicitur,
892 4179 942 4240 vel
963 4180 994 4240 in
1017 4179 1083 4240 eius
1099 4178 1260 4259 compella-

154 4280 234 4340 tione
265 4315 304 4324 -—
338 4281 381 4340 sio
411 4281 542 4360 legimus
573 4283 604 4343 in
634 4281 741 4362 hymni
765 4301 815 4343 vv.
844 4287 892 4344 22.
918 4288 967 4345 24.
992 4288 1040 4346 38.
1065 4288 1114 4345 57.
1138 4284 1188 4343 59.
1212 4285 1261 4343 62.

154 4387 202 4444 71.
231 4389 282 4447 72.
312 4387 362 4445 89.
392 4389 463 4448 120.
494 4391 565 4448 132.
596 4390 666 4450 171.
701 4388 771 4449 175.
802 4391 871 4450 177.
905 4391 974 4450 178.
999 4392 1069 4449 1811,
1095 4390 1165 4453 189.
1190 4389 1261 4449 190.

195 4503 313 4554 rurore,
333 4505 507 4554 prolegomena.
1066 4499 1084 4553 2
