3082 4936
727 297 942 356 ..30-

275 487 471 564 describitur,
503 487 666 548 edocemur
686 485 827 546 intimum
847 482 1057 546 commercium
1088 484 1126 545 ab
1147 485 1261 566 hymno
1281 489 1390 548 nostro

277 610 345 651 cum
356 591 478 672 Cypriis
497 610 567 652 esse
585 595 693 651 actum.
729 589 800 659 Qua
819 608 852 650 re
868 586 1080 676 Groddeckius
1100 609 1218 670 quoque
1236 591 1390 652 adductus
1499 627 1500 630 =

277 697 341 770 est,
371 697 406 756 ut
436 695 583 774 hymnum
604 714 675 756 esse
698 693 879 774 Cypriorum
907 693 1088 772 particulam
1110 695 1242 774 0010001.
1286 695 1391 766 Quam

209 793 213 798 ’
277 799 448 878 opinionem
468 798 576 860 falsam
599 817 670 859 esse
690 817 772 858 nunc
793 798 873 858 iuter
894 798 977 858 01000
1001 798 1138 858 eruditos
1159 800 1304 860 constat1.
1343 797 1391 860 At

275 902 333 962 hoc
354 905 437 964 00010
457 901 566 978 010001,
598 906 694 962 artem
716 900 896 980 Cypriorum
919 900 1101 976 conditoris,
1124 902 1260 982 quisquis
1280 904 1346 978 est,
1367 922 1389 963 a
1500 915 1501 966 1

273 1022 387 1084 genere
407 1006 527 1066 1100011
546 1006 657 1089 000100
678 1004 776 1065 000101
796 1022 856 1064 000
874 1004 965 1065 valde
980 1004 1151 1081 abhorrere,
1174 1025 1249 1085 ergo
1270 1008 1387 1067 utrum-

275 1128 334 1189 que
356 1112 477 1190 pcetam
497 1109 564 1191 pari
594 1108 680 1189 quasi
705 1108 831 1186 fastigio
862 1109 938 1168 artis
968 1108 1072 1188 apione
1096 1110 1196 1183 stare,
1216 1108 1249 1170 id
1270 1112 1334 1185 est,
1358 1111 1388 1170 si

274 1233 340 1275 rem
357 1233 399 1274 ex
419 1213 542 1294 ingenio
564 1231 693 1293 poeseos
709 1208 897 1272 Graecorum
914 1211 968 1272 illa
984 1213 1086 1272 aetate
1103 1212 1257 1273 adhibitae
1274 1213 1386 1274 diiudi-

273 1335 386 1393 camus,
409 1318 478 1379 11100
500 1317 595 1379 fuisse
617 1316 760 1396 aequales
784 1316 835 1376 vel
859 1334 920 1376 non
940 1315 984 1376 ita
1003 1317 1095 1395 longo
1118 1317 1264 1397 temporis
1285 1319 1385 1397 spatio

273 1421 431 1482 interiecto
453 1421 580 1482 vixisse.
625 1420 729 1492 Quum
749 1438 824 1480 0000
847 1420 879 1479 11
899 1421 1019 1480 tautum
1037 1421 1166 1494 constet,
1188 1419 1304 1500 Cypria
1321 1441 1385 1482 non

272 1525 368 1586 multo
389 1530 461 1606 post
481 1524 606 1586 ultimas
626 1525 659 1584 et
682 1523 832 1602 genuinas
855 1523 1022 1584 carminum
1045 1524 1263 1585 homericorum
1288 1526 1384 1605 parti-

273 1630 358 1690 culas
381 1649 451 1690 esse
466 1630 613 1704 confecta,
636 1647 710 1708 ergo
731 1647 793 1687 000
807 1628 878 1708 0001
892 1628 1020 1708 primam
1043 1628 1253 1709 olympiadem,
1276 1632 1384 1691 000100

272 1735 340 1795 iure
363 1734 547 1796 contendere
568 1732 717 1808 videmur,
739 1732 839 1792 eidem
859 1733 954 1793 aetati
980 1711 1127 1813 hymnum
1151 1737 1290 1794 nostrum
1311 1755 1382 1796 0000

272 1838 474 1900 tribuendum.
517 1839 620 1918 Atque
650 1837 725 1896 haec
755 1835 855 1916 opinio
884 1837 976 1898 00110
1002 1856 1037 1897 00
1066 1836 1277 1913 confirmatur,
1300 1841 1382 1918 quod
1503 1835 1504 1874 l

273 1942 479 2023 disputatione
500 1940 644 2020 ampliore
664 1941 874 2000 demonstrare
896 1939 979 2000 enixi
1002 1958 1116 2015 sumus,
1137 1941 1242 2020 hymni
1262 1943 1294 2002 01
1315 1961 1382 2002 rem

272 2046 429 2108 metricam
446 2047 479 2106 et
501 2063 600 2124 genus
617 2043 737 2104 dicendi
757 2043 896 2123 exceptis
918 2043 1072 2104 nonnullis
1094 2045 1201 2119 rebus,
1231 2064 1249 2104 e
1271 2045 1380 2124 quibus

273 2157 370 2211 artem
392 2149 509 2230 epicam
531 2147 667 2228 paullulo
688 2167 758 2208 esse
773 2150 949 2228 provectam
963 2150 995 2208 01
1009 2147 1127 2227 lapsam
1141 2149 1251 2225 elucet,
1273 2149 1380 2209 eadem
1504 2175 1505 2230 3

274 2256 338 2315 fere
362 2253 534 2315 conditione
558 2253 604 2312 uti
634 2254 725 2332 atque
756 2253 890 2313 carmina
915 2252 1065 2312 homerica
1089 2251 1230 2332 genuina.
1274 2252 1380 2323 Quare

272 2357 435 2438 hymnum,
464 2359 499 2417 ut
527 2357 594 2417 eius
619 2358 753 2418 aetatem
781 2357 959 2418 certioribus
990 2355 1100 2416 finibus
1128 2357 1378 2433 circumscribam,

271 2465 346 2541 puto
376 2465 507 2521 exeunte
537 2461 657 2521 saeculo
686 2479 765 2520 0000
792 2461 844 2520 001
873 2461 997 2521 1000010
1028 2460 1148 2521 0000010
1178 2461 1283 2520 octavo
1307 2463 1379 2522 ante

272 2563 428 2628 Christum
441 2568 547 2625 natum
569 2583 639 2624 esse
655 2565 822 2625 confectum
839 2599 879 2608 —
895 2564 927 2624 id
947 2565 1103 2643 quodiam
1125 2581 1219 2644 supra
1240 2559 1305 2646 (pg.
1321 2560 1380 2648 49)

274 2667 446 2749 0000100100
467 2687 542 2729 sum.

701 2887 904 2898 ---—-—-——

362 3076 507 3142 Libenter
523 3079 767 3162 commentationi
782 3079 949 3140 affixissem
965 3080 1202 3160 disputationem
1218 3081 1256 3142 de
1273 3081 1380 3162 hymni

272 3184 371 3246 000101
392 3184 533 3246 versibus
549 3184 739 3263 interpolatis
754 3187 786 3246 et
801 3183 921 3264 spuriis,
945 3204 1020 3263 qnos
1042 3187 1204 3247 nonnullos
1220 3186 1252 3246 in
1266 3186 1380 3266 hymno

273 3292 398 3352 exstare
420 3265 570 3369 procerte
592 3287 687 3346 habeo
708 3304 743 3347 ac
764 3289 802 3347 10
825 3287 1008 3368 quibusviri
1028 3289 1117 3365 10011,
1139 3291 1191 3369 qui
1206 3291 1243 3351 de
1265 3291 1379 3370 hymno

273 3392 461 3454 emendando
482 3391 619 3452 studiose
641 3393 833 3452 navaverunt
848 3410 979 3472 operam,
1001 3394 1097 3454 multa
1119 3395 1296 3454 attulerunt.
1335 3393 1382 3455 At

273 3495 480 3559 Cuttmannus
493 3493 506 3531 ²
519 3515 619 3576 nuper
633 3477 797 3571 contendit,
817 3494 1058 3558 Baumeisterum
1075 3517 1135 3558 non
1158 3517 1203 3573 ea,
1226 3517 1286 3576 qua
1302 3517 1380 3578 0000

271 3604 364 3675 00001,
386 3599 547 3678 diligentia
568 3618 658 3660 usum
681 3618 749 3659 esse
779 3599 812 3659 in
832 3599 1000 3660 referendis
1023 3601 1168 3662 librorum
1190 3601 1379 3681 manuscrip-

272 3706 373 3765 torum
404 3702 599 3778 lectionibus,
627 3702 819 3782 potissimum
849 3704 929 3782 quod
959 3703 998 3764 ad
1033 3705 1167 3766 codicem
1196 3705 1380 3784 hymnorum

273 3803 776 3886 heumannumpruasxxxu,
787 3795 1379 3886 40,0001000000000001100.

272 3911 424 3983 Quocirca
453 3931 546 3994 quum
570 3911 661 3972 certis
690 3911 827 3971 codicum
857 3910 1045 3987 quorundam
1070 3913 1261 3988 lectionibus,
1299 3930 1379 3989 quae

337 4271 365 4342 1)
383 4267 416 4324 01.
435 4270 615 4326 Baumcisteri
631 4272 649 4326 l.
668 4273 686 4328 l.
706 4289 751 4342 pg.
765 4271 826 4330 251.

337 4360 365 4426 2)
384 4358 426 4411 De
443 4353 677 4428 hymn.“homeric.
697 4361 792 4417 histor.
810 4359 894 4415 critic.
910 4376 956 4428 pg.
971 4359 1005 4414 10
1014 4373 1054 4428 sq.
