3082 4936
617 287 912 347 -31-·

174 478 275 540 struit.
321 475 481 540 Consentit
505 495 573 534 cnm
602 494 638 534 eo
665 474 691 534 Ι.
713 473 874 534 Bekkerus
899 474 929 550 (l.
944 472 963 533 l.
985 494 1036 554 pg.
1049 475 1132 552 136).
1176 473 1280 546 Quum

174 601 248 643 vero
271 583 348 642 haec
367 599 430 640 vox
453 597 551 661 neque
572 578 603 639 in
622 578 738 658 linguis
761 577 901 656 cognatis
917 597 1015 659 neque
1030 579 1062 640 in
1075 578 1139 639 nlla
1149 579 1280 640 dialecto

173 685 363 748 Graecorum
404 683 548 762 digammi
583 682 719 761 vestigia
756 682 899 743 ostendat
929 683 978 760 (cf.
1006 679 1068 762 Gg.
1093 682 1191 746 Curtii
1220 683 1240 743 l.
1259 683 1279 744 l.

174 810 227 871 pg.
238 793 301 850 610
313 789 379 870 sq.)‚
392 786 502 849 melius
513 786 586 848 mihi
598 786 721 848 videtur
736 789 847 866 putare
860 785 993 848 radicem
1007 778 1071 862 ,ia‘
1091 787 1281 848 decurtatam

175 913 245 954 esse
273 913 311 954 ex
343 892 446 953 radice
475 890 537 969 jar,
568 908 659 972 qnam
692 907 753 951 una
773 908 841 949 cum
863 889 966 951 radice
987 886 1039 950 dra
1061 909 1100 952 ex
1123 888 1187 970 djra
1210 910 1280 954 esse

176 1001 278 1058 natam
307 994 367 1075 (ig.
387 995 512 1059 Curtius
534 993 630 1069 docet,
655 1011 806 1074 quamque
828 993 965 1054 radicum
986 995 1198 1073 cognationem
1219 994 1280 1054 iam

146 1093 148 1102 ⁴
175 1101 310 1181 Boppius
342 1100 386 1179 (in
415 1099 509 1179 gloss.
540 1116 638 1160 senec.
669 1095 699 1158 s.'
715 1117 745 1157 v.
773 1095 842 1178 dic.)
873 1096 1047 1176 suspicatus
1069 1099 1144 1159 erat.
1176 1096 1280 1160 Radix

175 1203 240 1284 djca
268 1203 321 1265 vel
344 1199 396 1266 δικ
424 1206 473 1264 est
502 1201 534 1263 in
556 1201 649 1262 verbo
673 1191 859 1278 ὁείκ-κυ-μι,
882 1198 976 1260 latine
999 1200 1122 1277 dic-ere,
1142 1203 1281 1264 nostrum

175 1308 308 1388 zeig-en.
352 1305 500 1387 Tempore
532 1323 620 1380 vero,
651 1323 710 1385 quo
733 1303 866 1366 carmina
886 1302 1038 1364 homerica
1058 1305 1181 1366 condita
1201 1309 1280 1382 sunt,

175 1413 265 1474 radix
291 1411 339 1490 joa
368 1430 436 1471 cum
467 1409 577 1470 initiali
604 1426 736 1470 consona
767 1407 806 1487 ,j‘
837 1408 931 1468 etiam
953 1408 984 1468 in
1007 1427 1066 1469 usu
1087 1408 1161 1485 fuit,
1200 1411 1280 1472 unde

177 1517 279 1577 hiatus
303 1514 440 1577 nonnulli
461 1513 559 1574 veluti
581 1511 669 1573 Iliad.
680 1532 709 1587 ιι,
737 1517 808 1588 119,
830 1510 944 1593 Odyss.
965 1530 993 1588 a,
1018 1514 1082 1573 384
1096 1516 1168 1575 sunt
1183 1514 1280 1593 expli-

178 1620 274 1682 candi.
318 1619 413 1684 Cuius
435 1637 512 1679 usus
531 1616 705 1696 exemplum
724 1618 829 1678 exstat
850 1635 890 1676 cx
911 1635 980 1677 mea
992 1617 1113 1698 quidem
1129 1618 1281 1678 sententia

176 1725 207 1784 in
236 1725 340 1806 hymni
369 1722 468 1784 nostri
499 1741 593 1783 versu
622 1720 745 1783 laudato
780 1712 867 1800 γύναι
897 1706 1007 1784 ¹elacior.
1054 1719 1157 1791 Quare
1179 1723 1280 1784 reiioio

174 1827 348 1889 Hoffmanni
377 1827 442 1905 (1.1.
467 1824 501 1886 Π
522 1845 574 1906 pg.
599 1825 674 1901 188)
696 1824 938 1886 emendationem
959 1825 1062 1905 (quam
1081 1825 1141 1886 iam
1164 1845 1216 1906 pg.
1240 1831 1279 1887 21
1371 1889 1374 1895 ,

174 1931 428 2009 commemorari),
451 1931 503 2012 qni
524 1931 556 1991 in
575 1950 604 1991 v.
629 1933 690 1991 136
713 1915 795 1991 ἀλλὰ
816 1921 903 1990 lavia
926 1929 1060 1990 seribere
1081 1929 1157 1990 vult.
1194 1928 1281 2000 Quae

174 2039 272 2098 forma
305 2029 393 2098 ἶκυῖα
422 2035 542 2096 omnino
571 2053 632 2096 non
662 2033 721 2094 fuit
750 2051 807 2094 nec
837 2034 941 2113 potest
971 2045 1057 2108 esse,
1088 2051 1158 2093 nam
1180 2025 1282 2096 siavia
1386 2093 1387 2107 ,

175 2145 245 2202 orta
284 2143 334 2202 est
362 2159 403 2200 ex
427 2139 556 2218 jajtavia
587 2139 646 2217 (uti
676 2129 765 2198 ἔοικα
796 2156 837 2198 ex
863 2137 1002 2216 jejune),
1030 2137 1282 2217 reduplicatione,

174 2264 266 2328 quam
293 2248 420 2321 vocant,
449 2243 626 2324 praeposita
657 2245 688 2305 et
706 2242 838 2336 *duobus
867 2242 911 2321 ,j‘
940 2259 981 2304 ex
1003 2239 1190 2302 Graecorum
1212 2243 1280 2304 odio

173 2351 347 2412 litterarum
368 2349 549 2429 spirantium
572 2325 743 2412 exstinctis.

266 2453 352 2515 Haec
373 2453 437 2513 fere
458 2456 538 2529 sunt,
562 2471 640 2534 qnae
662 2453 700 2513 de
722 2451 829 2534 hymni
852 2469 886 2511 re
908 2451 1034 2512 metrica
1055 2451 1191 2532 proferre
1210 2470 1279 2531 pos-

177 2557 240 2619 sim.
275 2557 319 2618 At
340 2557 368 2618 si
389 2557 457 2638 quis
478 2577 558 2618 nnnc
580 2557 759 2636 interroget,
781 2574 860 2638 quae
881 2573 998 2616 summa
1022 2555 1063 2616 sit
1084 2555 1175 2616 huius
1189 2575 1280 2637 quae-

176 2661 285 2724 stionis
309 2663 347 2722 de
369 2680 403 2722 re
424 2661 551 2722 metrica
571 2662 703 2722 fortasse
724 2661 850 2722 nimium
876 2659 972 2736 fusae,
1002 2660 1031 2720 ei
1053 2660 1280 2739 respondemus,

175 2785 215 2826 ex
232 2765 379 2841 omnibus,
402 2783 480 2846 quas
492 2765 684 2846 protulimus,
706 2767 799 2826 rebus
815 2764 880 2824 sine
894 2764 984 2825 dubio
999 2765 1114 2845 patere,
1134 2764 1280 2845 hymnum

177 2890 246 2930 cum
274 2869 456 2932 carminibus
488 2870 648 2932 homericis
678 2869 710 2930 in
738 2867 842 2930 verbis
862 2887 903 2928 ex
925 2867 1046 2950 legibus
1068 2867 1114 2928 rei
1136 2868 1280 2931 metricae

178 2973 390 3053 componendis
419 2975 451 3034 et
480 2973 630 3054 eligendis
662 2973 849 3034 artissimum
870 2989 964 3051 agere
987 2973 1213 3049 commercium,
1242 2993 1281 3034 ne

179 3076 317 3154 nimium,
346 3079 452 3160 hymni
483 3098 547 3140 rem
577 3079 734 3140 metricam
759 3077 806 3138 uti
828 3079 925 3137 totam
946 3077 990 3137 ita
1010 3077 1074 3138 fere
1095 3077 1227 3156 singulis
1249 3079 1281 3139 in

176 3183 270 3246 rebus
292 3202 359 3244 esse
381 3183 572 3246 homericam.
600 3181 721 3259 Restat,
743 3185 778 3242 ut
792 3181 830 3241 de
842 3181 1006 3242 verborum
1022 3182 1281 3250 deleetneandem

174 3287 372 3350 instituamus
395 3287 612 3369 quaestionem.
753 3286 755 3289 ’
