3082 4936
728 303 769 316 ..
813 271 856 330 40
889 247 941 316 '..

285 457 466 519 sententiam
494 475 580 518 suam
610 459 648 518 de
668 457 819 537 digammo
842 462 1017 538 exponeret.
1063 459 1141 522 Tota
1161 462 1263 522 autem
1285 461 1390 541 dispu-

286 561 402 622 tatione
424 564 530 623 nostra
552 561 589 621 de
612 561 763 640 digamma
786 563 926 624 naturam
948 564 1053 645 hymni
1068 565 1251 626 homericam
1267 566 1392 626 demon-

286 666 377 730 strari
413 666 597 726 contendere
628 685 799 746 possumus.
850 664 884 726 Si
914 668 982 748 quis
1014 669 1104 748 plura
1133 669 1229 745 dicat,
1267 670 1392 748 ignorat

194 839 201 854 Ι
284 770 441 831 historiam
471 771 575 850 epicae
604 771 678 831 artis
707 771 787 850 apud
811 767 961 848 Graecos,
999 791 1059 853 qua
1081 773 1213 834 maxime
1234 773 1392 854 probabile

285 873 328 951 fit,
349 875 483 936 carmina
505 875 591 955 epica
613 876 737 951 minora,
762 894 943 958 quamquam
964 875 1090 938 Homeri
1104 879 1224 957 magnis
1243 896 1279 940 ae
1293 897 1393 959 paene

286 978 396 1040 divinis
423 979 605 1040 carminibus
626 981 779 1058 reguntur
801 999 837 1041 ac
859 981 1025 1058 ducuntur,
1058 984 1162 1043 tamen
1184 1002 1246 1044 non
1267 1003 1308 1044 ex
1329 983 1393 1044 illis

286 1083 373 1164 quasi
399 1084 555 1164 exscripta
578 1103 648 1144 esse
672 1119 715 1128 -—
744 1083 775 1144 id
805 1085 886 1165 quod
915 1085 1125 1148 Windischius
1151 1087 1254 1149 libello
1282 1106 1338 1148 suo
1375 1105 1394 1147 a

285 1187 373 1247 nobis
403 1187 525 1267 saepius
553 1188 677 1248 laudato
706 1187 914 1250 demonstrare
933 1189 1032 1250 voluit
1054 1225 1106 1265 —,
1128 1191 1183 1250 sed
1206 1210 1246 1250 ex
1267 1190 1391 1252 illorum

286 1291 419 1370 imagine
451 1293 564 1373 optima
592 1313 661 1354 esse
694 1295 860 1373 composita
887 1295 979 1376 atque
1009 1295 1130 1370 eadem,
1165 1313 1225 1376 qua
1258 1295 1394 1355 carmina

286 1390 462 1472 Homerica,
482 1397 591 1476 lingua
612 1397 698 1478 epica
719 1397 814 1458 firmis
836 1398 957 1476 legibus
980 1399 1097 1460 munita
1111 1397 1165 1460 uti.
1200 1399 1290 1470 Quae
1305 1398 1394 1460 firma

286 1499 393 1580 lingua
430 1501 516 1580 epica
550 1501 720 1580 posteriore
754 1504 890 1581 tempore
918 1503 1016 1580 magis
1046 1503 1207 1584 magisque
1236 1506 1394 1585 tamquam

289 1604 480 1682 obrigescere
503 1605 603 1685 coepit
625 1624 660 1666 ac
684 1604 793 1666 deinde
816 1625 872 1686 per
892 1604 1038 1666 nonnulla
1060 1608 1183 1668 saecula
1205 1606 1312 1668 eadem
1334 1608 1395 1668 suit

288 1742 331 1752 -
364 1708 394 1768 id
422 1709 503 1789 quod
528 1709 561 1769 in
589 1708 771 1770 carminibus
800 1708 1023 1771 Islandicorum
1052 1711 1147 1790 epicis
1176 1712 1290 1772 factum
1322 1731 1394 1772 esse

286 1832 374 1873 nemo
405 1814 507 1892 negat.
557 1812 655 1876 Usum
680 1833 752 1875 vero
781 1814 926 1894 digammi
961 1811 1097 1896 sibiipsi
1118 1835 1179 1878 non
1201 1819 1394 1878 constantem

287 1917 502 1999 explicandum
523 1939 592 1981 esse
614 1922 688 2000 puto
712 1941 751 1982 ex
767 1920 880 2000 duplici
896 1920 1113 2001 quasilingua,
1135 1939 1196 2002 qua
1214 1925 1327 2001 poetae
1346 1921 1394 1982 illi

288 2024 367 2103 epici
394 2025 573 2100 utebantur,
609 2044 717 2105 nempe
747 2027 779 2084 et
803 2024 909 2102 lingua
928 2025 960 2086 in
982 2025 1165 2086 carminibus
1188 2025 1282 2105 epicis
1304 2045 1394 2086 exer·

291 2129 385 2189 citata
405 2129 603 2212 formulisque
618 2131 710 2191 certis
727 2130 956 2210 circumscripta
971 2132 1002 2191 et
1018 2131 1153 2190 oratione
1175 2130 1208 2190 in
1222 2149 1282 2190 usu
1297 2131 1396 2212 quoti-

291 2233 380 2294 diano
404 2234 545 2296 adhibita.
581 2235 631 2296 Ex
653 2237 783 2316 utraque
804 2253 914 2296 vocum
935 2237 1049 2296 formae
1074 2235 1166 2296 certis
1188 2233 1310 2314 legibus
1333 2254 1395 2297 non

291 2339 462 2400 observatis
492 2340 745 2416 admittebantur,
781 2359 820 2400 ex
844 2340 941 2401 altera
962 2342 1076 2401 formae
1097 2339 1326 2420 antiquissimae
1349 2340 1395 2404 di-

290 2461 410 2523 gammo
433 2445 608 2520 instructae,
632 2465 671 2505 ex
691 2445 789 2505 altera
810 2445 933 2520 formae,
955 2445 987 2504 in
1010 2443 1119 2526 quibus
1134 2444 1319 2522 digammum
1335 2445 1396 2506 iam

291 2549 491 2611 obmutuerat.
541 2549 600 2610 Per
627 2569 660 2610 se
690 2549 791 2629 ipsum
813 2552 915 2610 autem
934 2549 1133 2628 intelligitur,
1168 2547 1277 2610 hocin
1299 2549 1395 2610 variis

290 2655 472 2715 carminibus
507 2655 593 2715 varie
632 2673 700 2714 sese
733 2655 845 2715 habere
882 2673 916 2716 ac
953 2654 1049 2714 multa
1078 2653 1199 2714 illorum
1229 2654 1393 2714 carminum

292 2760 416 2838 propius
438 2761 477 2820 ad
493 2778 592 2838 genus
608 2759 713 2840 epicae
728 2760 805 2820 artis
820 2758 991 2839 posteriore
1005 2762 1142 2838 tempore
1153 2757 1274 2837 vigens,
1296 2758 1395 2819 hesio-

292 2864 382 2924 deum
401 2864 482 2941 dieo,
508 2865 660 2926 accedere.
704 2861 741 2923 ld
763 2864 843 2946 quod
865 2863 897 2924 in
919 2863 1072 2924 nonnullis
1093 2861 1215 2942 hymnis
1235 2861 1396 2922 homericis

291 2969 372 3030 facili
402 2987 493 3049 opere
521 2972 625 3049 potest
647 2969 805 3048 cognosci,
843 2972 875 3028 at
896 2968 928 3028 in
950 2967 1062 3047 hymno
1085 2967 1200 3040 nostro,
1223 2985 1313 3047 quem
1332 2966 1397 3027 fere

211 3111 215 3118 -
292 3074 398 3134 eadem
420 3094 480 3156 qua
501 3074 668 3136 Homerum
687 3073 732 3134 uti
753 3073 860 3152 lingua
883 3072 969 3133 videt
991 3072 1042 3152 qui
1065 3089 1134 3130 eum
1157 3069 1254 3130 obiter
1276 3071 1398 3130 tantum

293 3199 361 3238 cum
381 3178 507 3241 Homeri
536 3179 720 3240 carminibus
743 3179 906 3258 comparet,
930 3185 1002 3237 sunt
1023 3193 1121 3255 pauca
1135 3173 1278 3252 vestigia.
1311 3174 1396 3244 Quo·

293 3283 373 3343 circa
395 3303 498 3360 nemo,
534 3284 586 3365 qui
610 3282 777 3344 carminum
794 3281 1014 3342 homericorum
1037 3298 1135 3358 genus
1159 3277 1279 3338 dicendi
1301 3278 1398 3354 novit,

291 3388 439 3470 requiret,
467 3393 502 3450 ut
529 3387 635 3471 hymni
663 3387 825 3450 dictionem
856 3386 942 3469 quasi
970 3385 1154 3446 homericam
1179 3401 1331 3463 exponam
1354 3417 1398 3426 -

292 3511 422 3576 namque
457 3498 523 3555 tum
557 3493 785 3574 grammaticam
810 3491 933 3552 dialecti
960 3490 1131 3551 homericae
1160 3487 1289 3548 condere
1324 3486 1399 3549 mihi

293 3617 369 3678 opus
400 3601 492 3660 esset.
535 3597 582 3660 Ac
611 3599 682 3680 quia
703 3595 861 3658 Koehnius
890 3596 922 3656 in
943 3593 1188 3678 ,quaestionibus
1209 3592 1344 3653 metricis
1367 3595 1399 3654 et

294 3704 499 3782 grammaticis
527 3705 566 3765 de
595 3703 716 3784 hymnis
737 3702 898 3763 homericis
907 3703 918 3734 ‘'
936 3701 1036 3780 (Halis
1054 3699 1150 3776 1865)
1172 3716 1270 3777 paene
1292 3716 1398 3757 omnes

293 3808 399 3889 hymni
426 3809 524 3870 nostri
550 3809 662 3870 formas
689 3808 857 3869 homericae
876 3807 1037 3886 'congessit
1058 3839 1102 3848 -
1123 3803 1163 3862 ad
1185 3820 1274 3884 quem
1295 3801 1397 3862 reiicio

294 3932 371 3989 eum,
388 3914 439 3996 qui
453 3913 594 3995 exempla
610 3912 732 3993 singula
747 3931 932 3992 cognoscere
946 3911 1023 3972 velit
1037 3943 1088 3983 -,
1104 3908 1210 3982 restat,
1226 3909 1260 3966 nt
1275 3905 1397 3966 demon-

296 4019 398 4094 strem,
419 4037 510 4100 quam
530 4017 636 4099 paucis
658 4018 734 4079 locis
755 4018 888 4099 hymnus
912 4017 949 4076 ab
973 4011 1099 4074 Homeri
1122 4011 1254 4072 dictione
1268 4008 1399 4070 recedat.

293 4120 384 4184 Unde
413 4125 508 4185 multo
538 4123 660 4185 brevior
687 4123 741 4183 fiet
769 4122 845 4184 haec
876 4124 914 4182 de
943 4118 1062 4180 dicendi
1092 4135 1205 4196 genere
1232 4115 1397 4194 disputatio

295 4245 386 4307 quarn
414 4229 452 4289 de
482 4249 515 4289 re
541 4229 679 4304 metrica,
710 4228 748 4288 de
780 4246 840 4308 qua
871 4225 986 4286 fusiore
1006 4219 1211 4302 disputatione
1232 4238 1307 4298 opus
1330 4237 1399 4278 esse

293 4335 453 4412 putabam,
473 4353 566 4422 quum
585 4352 636 4394 res
657 4342 741 4393 esset
763 4330 914 4395 difficilior
936 4348 972 4390 ac
994 4327 1093 4388 minus
1116 4327 1230 4404 aperta.
1275 4322 1346 4392 Qua
1367 4322 1399 4382 in
