3082 4936
618 315 836 376 ..63-

172 504 250 566 nihil
265 504 343 566 certi
360 504 448 566 nobis
468 504 615 566 traditum
633 505 691 564 est.
732 502 810 564 Puto
826 504 928 564 autem
943 521 982 564 ex
997 503 1096 564 tribus
1110 503 1182 579 illis,
1205 523 1281 586 quas

172 608 273 685 attuli,
296 608 407 669 fabulis
429 608 490 670 iam
510 608 587 670 satis
608 606 763 668 firmatum
784 626 868 683 esse,
890 608 1020 688 populos
1042 605 1137 668 Asiae
1159 608 1283 670 minoris

173 713 390 774 celeberrimos
406 732 515 792 regum
530 712 657 792 stirpem
672 710 799 772 duxisse
815 712 924 786 avire,
944 711 992 772 cui
1008 731 1157 772 summum
1172 731 1284 773 numen

174 818 308 878 maxime
331 817 475 885 faveret„

260 921 331 982 Non
352 940 496 1001 possum,
519 921 592 1003 quin
611 920 668 982 hoc
690 920 756 980 loco
779 918 885 999 paucis
905 919 1010 982 verbis
1031 920 1189 999 attingam,
1212 920 1285 1002 quid

176 1025 279 1086 sabula
293 1026 400 1107 hymni
414 1026 472 1086 sibi
494 1025 578 1086 velit.
621 1023 744 1085 Etenim
759 1021 982 1086 Schwartniusl
999 1024 1110 1100 docuit,
1132 1025 1285 1086 Venerem

175 1131 208 1190 in
227 1131 329 1210 lepida
353 1130 408 1190 illa
429 1128 658 1191 narratiuncula
684 1130 722 1189 de
744 1127 853 1188 Martis
881 1131 913 1190 et
933 1128 1066 1190 Veneris
1092 1127 1285 1208 congressu²

174 1234 251 1295 nihil
273 1234 442 1296 aliudesse
462 1235 524 1296 nisi
539 1234 635 1294 solem
653 1233 786 1294 nubibus
802 1215 906 1293 densis
922 1234 1125 1308 obscuratum,
1145 1233 1285 1314 idemque

175 1357 233 1399 suo
263 1338 329 1398 iure
358 1336 553 1412 contendit‚³
586 1339 728 1398 naturam
755 1336 887 1397 Veneris
917 1342 952 1396 ut
988 1336 1063 1396 deae
1091 1336 1166 1397 solis
1197 1337 1285 1399 verni

177 1442 362 1520 deprehendi
381 1442 414 1502 in
427 1442 474 1520 ‚iis
490 1442 581 1516 locis,
609 1442 662 1502 nbi
682 1430 896 1524 φιλομμειδής
919 1440 1031 1502 dicitur
1052 1440 1104 1500 vel
1124 1441 1177 1501 ubi
1198 1461 1284 1502 mun-

178 1545 263 1607 ditiis
283 1545 505 1627 monilibusque
528 1547 561 1606 et
583 1545 651 1607 aliis
668 1545 853 1606 ornamentis
869 1545 971 1606 aureis
993 1548 1170 1610 exornatur.
1214 1545 1285 1606 Non

178 1650 273 1710 multo
296 1651 384 1711 abest
406 1651 444 1710 ab
464 1650 522 1710 hac
541 1649 681 1730 opinione
705 1647 863 1724 sonnium,
887 1650 939 1730 qui
960 1647 1113 1708 Venerem
1133 1651 1164 1710 et
1185 1647 1284 1711 Auro-

175 1772 241 1814 ram
261 1789 306 1798 -
334 1753 437 1814 idest
468 1753 563 1815 solem
592 1754 776 1814 matutinum
799 1753 1004 1833 —primitus
1035 1753 1159 1814 easdem
1188 1755 1285 1816 fuisse

174 1857 316 1919 affirmat
360 1856 456 1920 Immo
478 1858 527 1918 vir
548 1858 743 1918 doctissimus
773 1857 813 1918 ad
841 1863 978 1918 nostram
999 1857 1172 1938 opinionem
1192 1878 1285 1938 supra

173 1963 275 2023 rusius
303 1963 456 2043 prolatam
473 1962 618 2037 accessit,
649 1981 741 2043 quum
763 1957 837 2021 ait⁶z
866 1959 1031 2037 „Nehmen
1058 1961 1115 2022 wir
1132 1961 1209 2022 ¹also
1238 1981 1285 2038 an,

176 2063 349 2146 Aphrodite
380 2067 425 2126 sei
446 2065 663 2146 urspriinglioh
684 2065 734 2125 die
753 2063 817 2124 Eos
840 2084 993 2144 gewesen,
1018 2083 1052 2125 so
1075 2064 1170 2126 bleibt
1195 2084 1285 2126 annu·

104 2153 109 2160 ¹
174 2169 349 2245 erkennen,
377 2169 450 2229 dass
479 2169 563 2230 diese
595 2169 661 2228 ihre
683 2166 885 2246 Eigenschaft
907 2168 1002 2229 durch
1024 2167 1287 2248 Verschmelzung

174 2274 232 2333 mit
259 2275 316 2334 der
342 2273 502 2354 syrischen
524 2271 818 2336 Aschera-Astarte
847 2273 1027 2334 weseutlioh
1050 2273 1287 2353 beeintra'ohtigt

177 2379 303 2440 worden
318 2378 391 2438 sei.“
419 2377 462 2438 Et
476 2397 567 2458 porro
581 2397 634 2457 pg.
649 2380 711 2439 417
724 2402 732 2437 ε
747 2376 795 2438 Im
810 2376 953 2459 Hymnus
969 2377 1120 2458 (intellige
1135 2379 1286 2457 nostrum)

181 2481 249 2542 sind
274 2482 461 2563 phrygische
493 2479 578 2562 Ziige
615 2481 817 2560 eingemisoht
847 2482 910 2542 und
938 2482 986 2541 ihr
1014 2482 1068 2559 (sc.
1099 2480 1227 2559 Veneri)
1256 2502 1285 2542 y.

182 2585 283 2646 218ff.
304 2587 353 2648 die
373 2585 690 2664 Eos-Tithonossage
709 2586 741 2646 in
765 2586 825 2647 den
845 2585 942 2646 Mund
961 2585 1081 2665 gelegt,
1109 2585 1226 2645 welche
1254 2585 1287 2646 in

180 2691 236 2751 der
262 2689 464 2769 Verbindung
494 2690 646 2752 nwischen
676 2690 730 2751 der
760 2687 868 2751 Geton
904 2689 968 2749 und
997 2689 1066 2749 dem
1095 2685 1287 2750 Sterbliohen

177 2797 257 2858 eben
270 2815 330 2856 nur
346 2796 395 2856 ein
411 2792 607 2856 Seitenstiiok
623 2815 662 2855 zu
677 2795 731 2855 der
749 2794 902 2855 nwischen
917 2791 1069 2854 Anchises
1090 2792 1153 2854 und
1168 2790 1286 2873 Aphro·

178 2901 241 2962 dite
270 2900 395 2961 bildet.“
439 2898 598 2961 Hactenus
628 2899 689 2960 ille.
733 2897 776 2958 Et
804 2900 906 2958 manet
935 2896 1034 2958 adhuc
1062 2896 1230 2975 vestigium
1255 2897 1287 2957 in

178 3005 284 3086 hymni
298 3004 396 3084 ipsius
411 3024 440 3064 v.
456 3006 508 3078 89,
528 3003 582 3064 ubi
597 3006 774 3063 ornamenta
789 3001 920 3062 Veneris
936 3021 1004 3062 cum
1020 3001 1182 3080 splendore
1196 3001 1288 3063 lunae

178 3110 222 3188 (id
245 3113 356 3170 estex
379 3108 520 3188 opinione
542 3110 682 3169 veterum
699 3106 772 3168 solis
793 3105 958 3181 nocturniss,
982 3106 1009 3166 si
1029 3106 1072 3165 ita
1087 3105 1188 3166 dicere
1202 3104 1287 3185 lieet)

179 3215 403 3292 comparantur.
454 3212 603 3294 Equidem
640 3211 746 3292 paucis
781 3212 935 3292 proferam
966 3209 1151 3272 sententiam
1181 3225 1287 3285 meam,

254 3433 280 3502 1)
299 3434 354 3488 Der
371 3433 513 3502 Ursprung
531 3433 578 3486 der
595 3431 771 3504 Mythologie,
791 3448 814 3486 a.
835 3432 903 3488 1860
920 3447 966 3499 pg.
986 3430 1045 3485 152.

251 3521 279 3590 2)
297 3519 393 3588 Odyss.
406 3526 435 3582 θ,
448 3521 508 3583 267,
522 3535 580 3589 sqq.
597 3520 657 3574 Hoo
675 3519 733 3573 loco
751 3516 882 3588 ἄσβεστος
900 3521 985 3587 γέλως
997 3518 1039 3569 est
1050 3515 1162 3570 tonitru.
1180 3513 1288 3572 Addere

181 3605 272 3676 potuit
289 3605 467 3661 schwartzius
486 3604 631 3674 vestigium
652 3604 766 3674 originis
783 3603 892 3659 fabulae
909 3604 1013 3658 exstare
1030 3603 1059 3656 in
1078 3618 1118 3667 eo,
1137 3603 1208 3672 qnod
1226 3620 1288 3658 oon-

181 3709 292 3762 gressus
310 3693 422 3747 nuntius
439 3695 482 3746 est
499 3691 548 3746 sol.

252 3781 280 3850 3)
298 3779 394 3844 Some,
411 3778 494 3834 Mond
510 3795 536 3831 u.
558 3776 661 3842 Storna,
681 3780 758 3843 1864,
776 3795 814 3848 pg
826 3777 886 3833 207.
899 3793 957 3846 sqq.

252 3868 280 3936 4)
299 3866 485 3935 ,DeOharite‘
500 3865 529 3919 in
542 3855 644 3919 Kahnii
660 3863 814 3920 Zeitschrift
831 3864 874 3917 fiir
891 3864 976 3933 vergl.
990 3859 1237 3934 Spraohforsohung
1254 3862 1287 3919 X.

183 3955 274 4024 (1861)
290 3971 335 4024 pg.
348 3955 485 4018 96.-136;
504 3953 651 4010 401-427.

253 4042 281 4111 5)
299 4058 343 4111 pg.
361 4042 421 4097 413.

255 4128 283 4198 6)
302 4129 343 4181 De
362 4127 427 4182 solis
445 4130 473 4182 et
494 4128 576 4182 lunae
594 4123 780 4182 coniunctione
798 4124 860 4181 vide
876 4122 990 4180 Hesiodi
1007 4124 1097 4195 theog.
1116 4141 1141 4180 v.
1161 4126 1210 4180 371
1229 4139 1287 4196 sqq.

185 4213 277 4284 hymn.
299 4215 328 4267 in
344 4212 434 4268 Solem
451 4214 576 4269 homerio.
597 4231 623 4270 w.
641 4216 738 4284 tsqq3
756 4213 846 4268 Ovidii
863 4213 1039 4283 Metamorph.
1063 4211 1105 4276 ΙΙ,
1123 4229 1147 4266 v.
1169 4214 1221 4270 208
1238 4229 1287 4282 sq„

152 4349 157 4364 ,
184 4303 263 4357 alios.
280 4301 365 4356 Plura
379 4300 458 4355 affert
469 4301 646 4358 schwartzius
664 4301 694 4356 in
706 4300 777 4362 libro
795 4301 850 4355 iam
865 4299 989 4354 laudato:
1003 4299 1114 4364 ‚Souna
1132 4299 1216 4354 Mond
1232 4298 1288 4354 und

186 4389 290 4444 Sterne‘
310 4405 356 4457 pg.
375 4389 426 4444 159
444 4403 502 4456 sqq.
