3082 4936
690 339 905 397 ..70-

242 507 396 570 Anchisae
418 527 588 587 congressu
597 508 651 568 vel
662 509 793 588 primum
813 508 894 569 inter
908 510 1028 570 ceteras
1040 508 1220 572 Aeneadum
1234 511 1356 572 fabulas

243 614 343 674 locum
357 631 531 693 occupasse,
575 608 622 672 Ac
644 631 682 672 ne
705 613 737 674 id
751 612 874 693 quidem
893 631 911 672 a
929 613 1071 674 veritatis
1087 615 1190 695 specie
1205 614 1358 688 abhorret,

245 717 326 798 quod
354 717 399 778 illi
427 713 608 800 Aeneadum
635 716 791 795 principes
821 737 914 798 quum
943 717 1127 797 populorum
1156 721 1359 797 cognatorum

246 821 403 902 opiniones
435 820 473 880 de
502 818 629 898 imperio
652 837 671 880 a
694 815 863 899 congressu
891 821 966 881 deae
988 839 1120 900 magnae
1142 842 1211 883 cum
1233 822 1360 882 auctore

246 924 371 1005 generis
392 922 471 1002 regii
493 923 670 983 deducendo
694 924 921 1004 cognovissent,
942 923 1066 1000 Veneri,
1086 927 1122 985 ut
1144 925 1282 1005 ipsorum
1303 925 1360 984 im-

246 1029 365 1109 perinm
405 1025 591 1102 stabilirent,
626 1025 789 1088 affixerunt
825 1027 910 1088 illam
945 1027 1141 1106 imperitandi
1176 1028 1359 1108 cupidinem,

248 1150 308 1214 qua
337 1132 430 1193 ducta
465 1129 519 1190 illa
548 1127 705 1192 Anchisen
740 1133 842 1192 aetate
876 1131 937 1191 iam
969 1135 1151 1211 provectum
1184 1132 1361 1213 anquireret

248 1234 352 1315 Atque
382 1233 492 1294 iisdem
513 1232 710 1295 Aeneadibus
738 1234 838 1295 locum
867 1235 953 1294 illum
976 1235 1014 1294 de
1035 1232 1142 1296 Aenea
1169 1235 1309 1296 inclitum
1331 1235 1364 1296 in

248 1339 336 1400 iliad.
355 1338 432 1398 libro
447 1337 552 1398 vinde
570 1356 693 1398 eversu
710 1341 771 1399 178
787 1337 891 1398 deberi
907 1339 1019 1417 optime
1034 1339 1163 1400 coniecit
1176 1339 1364 1402 Welokcrus

249 1441 307 1522 Ep.
320 1441 404 1522 Cycl.
416 1439 450 1500 Π
460 1459 512 1520 pg.
524 1444 585 1501 147
603 1443 664 1500 not.
678 1444 727 1502 83.
771 1440 829 1501 His
848 1444 950 1501 autem
971 1443 1124 1503 concessis
1139 1462 1201 1503 non
1217 1443 1365 1504 audacter

249 1546 390 1607 videmur
408 1544 517 1618 dicere,
540 1563 633 1624 quum
656 1544 883 1630 contendimus,
907 1547 1001 1606 totam
1025 1545 1222 1608 Troianorum
1242 1547 1365 1626 mytho·

250 1649 380 1728 logiam,
404 1665 495 1728 quam
522 1649 649 1722 vocant,
677 1647 799 1708 abillis
823 1647 1023 1710 Troianorum
1044 1649 1181 1731 reliquiis
1203 1647 1311 1729 Scepsi
1334 1651 1367 1710 61

254 1749 352 1830 Gergi
381 1751 432 1811 vel
462 1751 494 1810 in
525 1750 593 1810 aliis
617 1749 745 1811 Troadis
778 1752 898 1831 oppidis
919 1753 1129 1814 habitantibus
1157 1755 1312 1814 serratam
1335 1754 1367 1813 et

253 1856 406 1918 excultam
427 1875 498 1916 esse
521 1853 622 1934 aeque'
641 1873 677 1916 ac
697 1855 832 1916 fabulam
851 1856 889 1916 de
911 1853 1065 1917 Anchisae
1088 1859 1120 1918 et
1139 1856 1271 1919 Veneris
1295 1876 1365 1917 con-

254 1978 374 2038 gressu.
424 1957 513 2021 Unde
544 1957 651 2038 hymni
681 1959 779 2019 nostri
806 1961 1020 2037 argumentum
1053 1960 1185 2040 petitum
1212 1980 1281 2020 esse
1306 1960 1368 2022 iam

257 2081 351 2142 supra
373 2061 521 2141 suspicati
543 2081 647 2123 sumus
671 2081 707 2122 ac
727 2082 808 2124 nunc
828 2063 998 2124 edocemur.
1044 2062 1105 2123 Sed
1129 2064 1155 2124 si
1178 2063 1246 2144 quis
1262 2063 1367 2124 Troia-

256 2185 364 2226 norum
385 2165 437 2225 vel
451 2163 631 2226 Aeneadum
653 2166 809 2244 opiniones
827 2167 865 2226 de
886 2167 953 2242 diis,
977 2167 1084 2248 quales
1100 2167 1221 2242 fuerint,
1244 2167 1368 2246 penitus

257 2288 442 2348 cognoscere
470 2269 563 2344 velit,
591 2270 618 2330 is
647 2269 830 2330 reiiciendns
856 2273 905 2330 est
930 2271 968 2330 ad
989 2270 1150 2331 Klausenii
1175 2270 1286 2330 librum
1308 2271 1369 2330 iam
1455 2281 1458 2292 '

256 2373 430 2447 laudatum,
461 2372 574 2453 inquo
598 2373 796 2450 explanatum
818 2375 883 2446 est,
914 2374 987 2455 qnid
1008 2374 1053 2434 illi
1076 2374 1114 2434 de
1139 2373 1197 2435 diis
1218 2374 1371 2434 senserint

258 2495 387 2558 quemve
403 2477 529 2537 deornm
550 2476 686 2536 ordinem
701 2477 915 2538 constituerint
937 2495 972 2538 ac
987 2480 1100 2558 quanto
1122 2478 1237 2538 honore
1259 2495 1372 2537 numen

259 2582 399 2663 quodque
421 2579 579 2640 coluerint.
602 2615 646 2624 -
1164 2649 1167 2656 Ι

347 2684 468 2755 Quibus
488 2684 579 2744 rebus
601 2683 732 2762 cognitis
755 2685 841 2745 nobis
864 2684 1022 2763 continget
1038 2687 1157 2744 ceteras
1180 2683 1371 2759 offensiones,

261 2807 337 2870 quas
365 2789 396 2848 in
418 2788 524 2868 hymni
546 2791 728 2865 argumento
751 2791 868 2849 restare
892 2789 1020 2865 scinne,
1050 2788 1205 2868 expedire.
1248 2787 1373 2848 Etenim

260 2897 422 2973 postquam
451 2891 584 2952 uidimus
611 2892 745 2953 fabulam
771 2894 878 2973 hymni
911 2894 1008 2953 totam
1036 2891 1236 2953 Troianorum
1261 2892 1374 2952 fabulis

262 2996 380 3072 deberi,
412 2995 648 3076 perseipsum
673 2996 872 3076 intelligitur,
897 3015 916 3057 6
943 2996 1063 3057 Venere
1083 2996 1241 3075 exempla,
1264 2995 1374 3076 quibus

261 3100 359 3180 ipsius
382 3119 582 3179 congressum
597 3119 666 3160 cum
680 3101 746 3161 viro
760 3101 882 3162 mortali
896 3103 987 3180 prout
1002 3101 1119 3160 facinus
1140 3117 1159 3159 a
1177 3099 1235 3159 diis
1252 3097 1376 3178 saepius

265 3205 458 3266 commissum
478 3203 634 3264 illustrare
650 3205 761 3281 studet,
784 3205 884 3266 omnia
907 3225 947 3264 ex
965 3202 1164 3264 Troianorum
1186 3201 1376 3282 mythologie

264 3329 334 3370 esse
351 3308 458 3388 petita.
495 3305 575 3367 Hinc
594 3308 689 3386 longa
706 3309 743 3368 de
763 3306 941 3390 Ganymede
959 3306 1098 3387 Trooque
1116 3307 1278 3380 fabulatio,
1305 3305 1376 3365 hinc

265 3413 368 3492 lepida
381 3411 436 3472 illa
454 3412 492 3472 de
504 3410 633 3472 Tithono
653 3412 774 3472 tabula!
811 3411 890 3472 Dein
902 3414 966 3472 tres
985 3411 1065 3471 istae
1074 3411 1158 3485 deae,
1171 3428 1250 3490 qnae
1261 3409 1377 3470 Veneri

266 3516 413 3577 resistere
441 3514 526 3575 initio
552 3515 659 3595 hymni
686 3519 863 3591 narrantur,
891 3535 931 3576 ex
959 3514 1159 3575 Troianorum
1185 3512 1378 3592 opinionibus

268 3620 340 3682 sunt
363 3619 543 3698 descriptae.
587 3619 771 3681 Minervac1
794 3620 874 3680 enim
889 3619 970 3680 bella
992 3622 1024 3678 61
1045 3617 1209 3678 artificiosa
1222 3615 1379 3695 virginum

269 3741 362 3805 opera
381 3722 505 3802 placent
528 3758 570 3766 -
592 3726 756 3805 utrumque
782 3724 813 3785 in
833 3725 970 3786 Palladio
1000 3721 1121 3784 troioo2
1146 3722 1235 3781 hasta
1257 3722 1288 3780 61
1309 3720 1378 3779 fuso

268 3832 318 3890 est
346 3828 492 3887 notatum.
536 3825 579 3888 Et
609 3820 768 3903 σατίναις,
799 3847 875 3909 quas
899 3826 1010 3889 Graeci
1037 3825 1156 3886 omnino
1187 3823 1380 3903 ignorabant,

269 3933 368 3993 mater
387 3929 482 3992 Idaea
503 3929 650 4010 Euripide
674 3931 822 3994 auctore³
842 3933 995 3994 utebatur.
1039 3929 1156 3990 Deinde
1179 3927 1260 4009 quod
1280 3925 1381 3986 Diana

344 4215 369 4283 1)
388 4212 509 4268 Klausen
527 4215 667 4290 1.1.1pg.
685 4222 833 4278 153-154.

343 4314 370 4382 2)
390 4313 430 4369 Id.
444 4314 463 4365 1.
475 4299 494 4354 l·
508 4299 522 4353 I
534 4318 580 4370 pg.
596 4306 645 4360 146
660 4324 718 4379 sqq.

341 4403 370 4471 3)
389 4399 485 4456 Helen,
498 4408 522 4445 v.
538 4391 606 4447 1330
618 4393 658 4448 ed.
672 4397 704 4455 G.
717 4397 863 4450 Hermann.
