3082 4936
681 316 898 373 ..72-

240 485 416 548 sacerdotes
439 483 582 562 castrati,
611 487 768 548 testantur
795 503 891 567 aeque
914 506 949 548 ac
972 487 1091 562 fabula,
1114 506 1191 568 quae
1215 488 1254 549 de
1274 486 1352 549 Atte

239 590 271 650 et
286 585 437 668 Agdisti¹
458 589 613 650 ferebatur
634 625 677 634 --
701 590 728 650 si
749 589 807 651 hoc
821 591 899 652 bene
922 591 1123 666 meminimus,
1145 589 1354 653 confitendum

240 695 304 768 est,
332 691 449 753 Vestae
479 692 601 754 numine
632 693 885 772 spectatissimam
916 696 1020 756 castae
1050 695 1135 756 vitae
1158 695 1355 776 familiaeque

239 798 434 876 incorruptae
456 794 591 876 effigiem
610 816 680 858 esse
701 803 894 878 perceptam,
923 817 1000 880 quae
1023 799 1147 880 quidem
1181 817 1222 860 ex
1244 797 1357 860 summi

240 902 323 962 illius
351 899 484 962 numinis
504 901 591 981 quasi
614 901 712 962 altera
732 903 858 977 natura,
882 921 961 983 quae
991 902 1049 963 fuit
1071 901 1206 963 naturali
1227 902 1356 964 libidine

239 1023 348 1081 vacua,
371 1004 459 1065 facile
482 1003 658 1084 concipitur.
697 1003 825 1066 Accedit
848 1007 928 1086 quod
952 1025 970 1066 a
990 1004 1085 1067 Suida
1108 1006 1254 1067 traditum
1278 1005 1355 1082 esu,

242 1110 380 1191 Cybelen
413 1127 482 1168 cum
510 1108 609 1169 Vesta
633 1127 703 1170 esse
730 1111 895 1171 confusam.
949 1109 1036 1171 Hanc
1063 1109 1161 1190 igitur
1185 1111 1223 1171 de
1252 1109 1354 1171 Vesta

242 1213 385 1276 fabellam
405 1232 444 1273 ex
468 1210 669 1291 Trojanorum
692 1213 814 1291 ingenio
838 1231 1019 1293 expressam
1042 1233 1110 1274 cum
1130 1214 1226 1274 totius
1249 1214 1359 1294 hymni

243 1319 422 1398 argumento
446 1317 559 1396 optime
575 1335 744 1395 congruere
769 1317 852 1377 facili
871 1319 995 1396 negotio
1019 1317 1221 1378 concedimus.
1265 1315 1355 1378 Hanc

242 1441 317 1484 vero
348 1424 490 1482 naturam
512 1421 601 1481 modo
623 1421 809 1500 descriptam
831 1440 849 1480 a
868 1420 967 1482 Vesta
997 1421 1030 1482 in
1049 1424 1207 1501 posterum
1232 1441 1354 1502 quoque

243 1530 364 1606 tempus
386 1526 537 1586 retentam
558 1543 628 1584 esse
650 1529 748 1588 testes
769 1528 841 1585 sunt
864 1525 1040 1586 Pindarus⁵
1062 1527 1094 1586 et
1113 1524 1273 1604 Vergilius
1288 1524 1309 1586 ⁴.

330 1629 382 1690 Ita
397 1649 500 1690 omues
522 1629 665 1708 ineptiae,
686 1648 761 1710 quas
776 1647 832 1690 nos
849 1647 943 1709 supra
966 1649 1005 1690 ex
1025 1629 1149 1709 ingenio
1165 1626 1356 1690 Graecorum

243 1756 309 1797 rem
331 1734 532 1795 diiudicantcs
551 1733 725 1808 attulimus,
752 1734 891 1793 emedio
912 1734 1052 1794 sublatae
1076 1737 1156 1796 sunt.
1200 1732 1356 1803 Quocirca
1384 1753 1387 1760 ’

247 1841 317 1915 stat,
332 1838 413 1920 quod
428 1837 636 1917 disputatione
651 1841 758 1898 nostra
773 1837 984 1898 demonstrare
1000 1838 1100 1897 conati
1117 1857 1231 1912 sumus,
1247 1857 1358 1917 nempe

246 1947 278 2006 et
297 1943 429 2004 Veneris
457 1943 599 2002 naturam
628 1945 660 2002 et
689 1945 788 2002 totum
816 1941 936 2002 fabulae
970 1943 1148 2002 contextum
1175 1960 1237 2001 non
1264 1960 1357 2020 posse

246 2050 323 2110 bene
347 2045 493 2125 intelligi,
516 2045 577 2107 nisi
598 2065 639 2106 ex
659 2045 779 2119 fabulis,
803 2064 879 2126 quas
905 2046 986 2105 inter
1009 2044 1157 2106 Troianos
1178 2045 1230 2106 vel
1252 2063 1358 2104 eorum

247 2153 392 2233 reliquias
409 2150 500 2211 Troia
515 2153 606 2230 capta
628 2151 659 2210 in
682 2149 756 2210 ldae
777 2150 906 2210 saltibus
929 2150 1086 2228 dispersas
1109 2150 1206 2211 fuisse
1229 2151 1360 2221 constat,

248 2258 464 2336 argumentum
500 2255 594 2316 totius
623 2254 729 2335 hymni
765 2256 919 2334 sumptum
950 2273 1020 2314 esse
1049 2257 1177 2315 statuas.
1231 2253 1361 2314 Accedit

248 2361 329 2442 quod
358 2359 513 2420 Anchisae
537 2360 627 2420 timor
657 2359 749 2419 miser
777 2360 836 2419 dea
865 2356 995 2438 agnita⁵
1020 2377 1076 2418 nos
1104 2357 1196 2418 valde
1229 2356 1362 2417 offendit.

249 2465 313 2537 Qui
336 2465 428 2525 timor
456 2485 496 2525 ex
526 2483 595 2525 mea
624 2463 745 2544 quidem
776 2463 917 2542 opinione
944 2467 1016 2542 apte
1039 2462 1237 2540 explanatur,
1268 2481 1363 2541 quum

250 2570 349 2630 animo
370 2571 493 2644 teneas,
515 2565 687 2642 Anchisen,
715 2570 879 2647 postquam
899 2587 968 2627 cum
989 2567 1046 2626 dea
1073 2583 1274 2644 congressum
1290 2583 1362 2626 esse

250 2673 516 2748 animadverterit,
556 2692 617 2733 non
652 2674 845 2751 ignorantem
879 2671 977 2749 ipsius
1009 2688 1159 2749 proavum
1189 2663 1362 2730 Iasionein⁶

229 2781 376 2862 propter
405 2776 598 2838 concubitum
626 2796 695 2837 oum
721 2775 832 2839 Cerere
862 2777 976 2836 factum
1012 2773 1096 2833 Iovis
1134 2773 1260 2834 fulmine
1289 2791 1376 2832 csse-

249 2899 431 2962 percussum
444 2877 471 2955 ⁷,
500 2882 651 2955 metuere,
674 2900 712 2940 ne
732 2881 800 2960 ipse
820 2878 901 2939 idem
922 2897 1072 2957 passurus
1105 2877 1145 2938 sit
1157 2874 1176 2936 ⁸.
1220 2875 1262 2936 Et
1283 2875 1362 2936 The·

249 2983 349 3046 mida⁹
368 3003 386 3045 a
410 2983 610 3050 Troianorum
633 2984 738 3044 ordine
762 2985 887 3045 deorum
908 3002 969 3043 non
993 2982 1124 3041 alienam
1144 2979 1238 3040 fuisse
1260 2980 1364 3041 elucet

250 3090 302 3150 vel
326 3089 518 3169 potissimum
539 3107 644 3164 exeo,
674 3089 755 3169 quod
777 3087 931 3150 Anchisae
953 3086 1051 3167 ipsius
1074 3087 1180 3160 mater,
1203 3102 1284 3164 quae
1304 3084 1365 3145 fuit

252 3191 366 3274 Capyis
386 3211 483 3267 uxor,
505 3211 615 3253 nomen
636 3192 769 3253 habebat
791 3189 994 3252 Themidis10.
1038 3188 1178 3269 Denique
1201 3207 1294 3248 aurea
1315 3207 1364 3248 or-

252 3299 396 3359 namenta
418 3302 450 3357 et
472 3295 574 3356 novile
596 3297 737 3356 bacatum
758 3295 890 3356 Veneris
913 3294 945 3353 in
966 3291 1114 3374 hymn0¹1
1138 3292 1260 3371 saepius
1283 3310 1365 3352 com-

325 3518 350 3587 1)
369 3517 491 3572 Klausen
507 3516 526 3568 l.
540 3516 559 3570 l.
572 3515 587 3570 I
598 3531 644 3584 pg.
660 3515 693 3570 26
706 3531 778 3584 sqq.;
795 3512 901 3568 Preller
918 3511 936 3565 l.
949 3511 968 3565 l.
981 3509 995 3562 Ι
1008 3525 1053 3578 pg.
1067 3509 1118 3563 406
1131 3524 1171 3577 sq.

321 3607 349 3670 2)
366 3621 387 3658 a.
404 3621 428 3656 v.
448 3608 498 3674 γῆς
518 3599 633 3672 ἄγαλμα
652 3631 686 3638 -
704 3599 856 3654 cf.P1·eller
873 3601 891 3652 l.
903 3598 922 3651 l.
935 3597 950 3652 I
961 3613 1007 3666 pg.
1021 3596 1081 3650 272.

324 3692 350 3758 3)
369 3689 446 3742 Nem.
465 3688 514 3753 XI,
534 3691 619 3758 Isqq.

326 3779 353 3842 4)
373 3774 483 3828 Aeneid.
502 3775 525 3838 I,
539 3776 598 3830 292.

326 3863 353 3930 5)
373 3862 464 3929 hymn.
482 3878 506 3915 v.
521 3862 572 3916 181
585 3877 643 3930 sqq.
706 3881 712 3898 ·

326 3950 353 4019 6)
372 3948 486 4002 Lobech.
504 3947 638 4018 Aglaoph.
657 3965 702 4017 pg.
718 3947 786 4002 1222
795 3962 836 4015 sq.

327 4038 354 4106 7)
371 4035 483 4104 Dionys.
502 4033 533 4088 A.
547 4035 579 4088 R.
592 4033 615 4097 I,
625 4034 666 4089 61.
871 4037 876 4046 ’

327 4124 354 4193 8)
372 4123 493 4177 Klausen
511 4122 529 4176 l.
542 4121 586 4176 l.I
598 4138 664 4190 pgg.
673 4122 707 4176 30
721 4121 748 4172 et
759 4121 817 4174 339.

325 4209 354 4279 9)
371 4209 465 4279 hymni
481 4225 505 4263 v.
520 4210 563 4263 94.

310 4297 355 4365 10)
375 4296 496 4349 Klausen
514 4294 533 4349 l.
546 4295 566 4346 l.
576 4294 592 4346 I
603 4310 649 4362 pg.
664 4292 722 4346 144.
737 4291 787 4346 174
797 4307 854 4359 sqq.
875 4286 998 4358 Apollod.
1012 4285 1064 4349 ΙΗ,
1079 4287 1121 4350 12,
1132 4285 1155 4340 2.

311 4383 355 4452 11)
375 4398 416 4435 vv.
432 4382 454 4435 1.
468 4385 492 4437 9.
507 4383 549 4436 65.
563 4382 596 4436 86
610 4395 668 4448 sqq.
687 4378 730 4434 93.
744 4379 795 4433 162
807 4393 865 4446 sqq.
