3082 4936
591 311 808 368 ..49-

136 501 184 560 est
212 515 312 579 usque
344 497 383 558 ad
415 499 556 576 tempus,
586 515 645 576 quo
680 495 812 578 hymnus
843 497 893 555 est
916 494 1110 573 compositus.
1159 493 1247 558 Unde

135 605 248 679 elucet,
277 603 424 682 hymnum
453 601 557 680 paullo
579 603 651 679 post
682 601 850 661 carminum
879 599 1099 660 homericornm
1128 603 1248 679 partem

135 707 276 768 ultimam
305 725 341 767 ac
373 705 537 784 genuinam
569 739 610 748 —
644 723 714 765 nam
749 705 788 764 de
816 703 955 783 partibus
982 702 1106 764 Homeri
1134 705 1247 783 spuriis

138 831 201 872 non
234 812 283 872 est
313 810 534 890 disputandum
560 844 601 852 -
633 827 704 869 esse
734 808 920 882 confectum,
944 805 1085 869 'fortasse
1113 810 1248 868 excunte

138 935 218 977 nono
240 916 292 976 vel
319 915 448 975 'incunte
472 915 580 974 octavo
603 912 725 973 sacculo
754 915 825 973 ante
848 911 1003 974 Christum
1028 915 1142 972 natum.
1185 909 1247 972 Nc·

140 1039 202 1100 quc
222 1017 423 1078 hoffmannus
447 1012 591 1100 (Quaem
614 1015 693 1076 hom.
712 1014 754 1075 H.
775 1035 826 1096 pg.
851 1010 927 1100 190)
948 1016 1077 1076 multum
1099 1017 1187 1077 abest
1210 1016 1248 1076 ab

140 1123 279 1203 opinione
308 1125 432 1196 nostra,
452 1140 544 1202 quum
567 1120 664 1195 dicat,
696 1139 729 1180 sc
757 1120 901 1180 maiorem
927 1119 1032 1200 hymni
1059 1123 1178 1200 partem
1200 1141 1247 1182 re-

139 1227 220 1287 ferre
242 1227 282 1286 ad
304 1243 371 1286 cam
395 1228 526 1286 aetatem
550 1224 741 1300 homericam,
763 1241 823 1304 qua
837 1221 944 1283 Iliadis
963 1223 1040 1285 liber
1055 1243 1154 1286 nonus
1178 1244 1246 1286 oon·

137 1331 241 1392 fectus
264 1329 313 1390 sit.
348 1327 392 1390 At
414 1332 450 1389 ut
468 1329 547 1389 hanc
569 1330 669 1407 legem
692 1329 804 1409 hymno
825 1327 997 1407 impositam
1021 1346 1055 1389 ac
1076 1331 1140 1390 tam
1155 1330 1247 1390 certis

138 1433 254 1494 finibus
284 1433 542 1512 circumscriptam
566 1433 719 1512 possimus
740 1449 846 1492 veram
877 1432 951 1507 reri,
982 1451 1058 1512 opus
1083 1433 1141 1494 fuit
1162 1433 1246 1494 Hoff-

141 1555 254 1597 manno
277 1538 495 1599 accuratiorem
522 1536 684 1597 instituere
706 1535 950 1616 disquisitionem
973 1538 1004 1597 et
1026 1535 1116 1626 plura
1139 1535 1247 1598 afferre

142 1645 332 1720 argumenta

608 1779 757 1788 ---—

228 1973 348 2044 Quibus
368 1973 460 2032 rebus
482 1969 632 2050 expositis
662 1969 700 2029 de
726 1969 832 2050 hymni
862 1973 1042 2049 argumento
1070 1973 1243 2033 accuratius

137 2077 228 2138 nobis
252 2081 300 2138 est
321 2076 555 2156 disputandum,
583 2078 619 2134 ut
641 2073 785 2135 iudicium
814 2078 962 2155 quantum
991 2078 1095 2154 potest
1127 2079 1243 2138 certum

139 2182 178 2242 de
202 2181 354 2242 carminis·
368 2181 488 2259 origine
510 2179 591 2240 serre
612 2179 774 2258 possimus.
