3082 4936
751 1259 902 1269 —.--—

270 1397 477 1480 1100001101θο
504 1397 657 1466 metricae
676 1401 709 1466 et
729 1397 954 1482 grammaticae
977 1396 1016 1464 de
1037 1399 1154 1483 hymno
1173 1397 1208 1466 in
1228 1363 1384 1468 tenerem

740 1499 915 1570 Hmm.

353 1643 492 1705 Posseos
513 1640 701 1706 Graecorum
734 1645 839 1725 epicae
872 1644 1032 1706 historiam
1060 1645 1087 1706 si
1118 1647 1186 1728 quis
1209 1649 1384 1710 accuratius

269 1748 473 1830 perspexerit,
495 1747 578 1808 facili
600 1767 692 1829 opere
714 1748 859 1824 inveniet,
883 1747 1104 1829 antiquissimis
1117 1750 1306 1830 temporibus
1323 1753 1383 1813 duo

271 1854 394 1916 illorum
423 1852 590 1914 carminum
619 1871 734 1932 genera
766 1852 872 1930 dhisse,
894 1851 1033 1928 alterum,
1056 1854 1137 1935 quod
1159 1854 1295 1916 continet
1317 1875 1383 1917 oar-

271 1958 353 2019 mina
374 1956 479 2036 epioe,
509 1975 588 2046 quae
619 1976 660 2018 ex
681 1955 791 2017 Ionum
813 1956 936 2036 ingenio
959 1975 995 2018 ao
1014 1956 1146 2018 dictione
1169 1958 1291 2020 condita
1312 1979 1383 2021 0000

270 2061 463 2135 videbantur,
486 2080 585 2140 genus
601 2060 806 2136 Homericum,
830 2060 857 2121 si
870 2061 914 2121 ita
923 2060 1026 2122 dicere
1042 2061 1123 2137 licet,
1147 2063 1286 2139 alterum
1303 2065 1385 2146 quod

272 2167 408 2228 eontinet
444 2166 579 2227 carmina
621 2166 709 2246 epioe
736 2167 768 2226 et
796 2165 998 2246 genealogica
1027 2168 1059 2227 et
1090 2167 1254 2244 didactica,
1287 2187 1388 2248 genus

272 2270 468 2332 Hesiodeum.
510 2269 641 2345 Primis,
677 2269 800 2350 generis
822 2269 992 2347 Homerici,
1020 2271 1140 2332 fructus
1165 2273 1387 2353 quodammodo

272 2375 356 2436 floris
380 2372 550 2453 longaevi¹
580 2373 679 2434 ultimi
708 2373 984 2456 perfectissimique
1005 2376 1078 2435 sunt
1098 2375 1158 2436 duo
1181 2375 1235 2436 iha
1254 2377 1390 2438 carmina

273 2479 398 2560 inclyta,
426 2478 501 2539 Ilias
531 2479 564 2538 et
593 2476 746 2559 Odyssea.
789 2478 903 2540 Priscis
935 2479 1058 2559 quidem
1081 2480 1268 2560 temporibus
1291 2481 1388 2542 multa

273 2584 409 2645 carmina
432 2584 489 2644 sub
510 2582 636 2644 Homeri
657 2584 780 2645 nomine
803 2582 918 2665 insigni
938 2584 1193 2660 venditabantur,
1227 2603 1306 2667 quae
1326 2584 1389 2646 iam

272 2687 436 2750 Pisistrato
467 2689 591 2749 auctore
619 2689 657 2749 ab
680 2687 875 2750 Onomaorito
905 2688 1032 2770 eiusque
1066 2688 1157 2750 sociis
1190 2709 1247 2750 nec
1269 2709 1331 2750 non
1349 2692 1387 2751 ab

273 2791 342 2854 aliis
370 2792 446 2853 viris
472 2789 586 2854 Atticis
613 2793 728 2866 doctis,
756 2797 865 2873 postea
884 2812 958 2854 vero
982 2793 1020 2854 ab
1041 2791 1262 2854 Alexandrinis
1286 2813 1388 2874 gram-

272 2896 392 2958 maticis
419 2916 437 2957 e
467 2897 621 2959 consortio
652 2917 721 2958 oum
740 2896 866 2958 Homeri
895 2897 1088 2973 carminibus,
1118 2917 1176 2979 quo
1207 2917 1268 2959 non
1291 2899 1387 2979 digna

273 3021 343 3062 esse
365 3001 564 3078 videbantur,
595 3005 668 3063 sunt
690 3003 781 3063 mota.
825 3000 969 3063 Alterum
991 3021 1090 3082 genus
1112 3002 1171 3062 fuit
1191 3001 1389 3080 Hesiodeum,

272 3125 381 3187 nempe
423 3107 558 3168 earmina
600 3106 688 3187 epioa
729 3109 891 3186 poetarum
932 3107 1132 3186 plurimorum
1173 3109 1230 3168 sub
1259 3105 1389 3169 Hesiodi

273 3210 394 3271 nomine
415 3210 601 3286 circumlata,
625 3229 703 3291 quae
719 3211 858 3272 confecta
881 3212 954 3271 sunt
976 3229 1012 3271 eo
1028 3209 1191 3292 tempore²‚
1214 3231 1273 3293 quo
1289 3209 1387 3273 Grae-

274 3334 378 3377 corum
406 3315 484 3377 ratio
517 3315 674 3395 cogitandi
705 3315 865 3376 immutata
887 3333 947 3375 non
970 3317 1034 3374 tam
1057 3315 1095 3375 ad
1114 3318 1237 3377 veteres
1258 3314 1328 3376 illas
1349 3317 1389 3377 de

275 3420 402 3480 heroum
431 3420 524 3480 rebus
552 3418 651 3498 gestis
677 3418 798 3480 fabulas
819 3418 879 3479 fuit
901 3418 1021 3479 adiecta
1044 3436 1135 3500 quam
1158 3419 1196 3480 ad
1219 3419 1388 3480 doctrinam

274 3525 313 3585 de
349 3523 523 3585 numinibus
560 3523 641 3584 iuter
678 3524 752 3584 deos
781 3521 980 3603 hominesque
1005 3523 1266 3585 intercedentibus
1295 3527 1388 3605 atque

274 3628 314 3689 ad
342 3627 501 3690 seientiam
529 3628 656 3688 deorum
684 3627 899 3709 hominumque
926 3630 1055 3689 naturae
1077 3647 1134 3690 nec
1156 3646 1217 3688 non
1237 3628 1276 3689 ad
1297 3628 1388 3690 disci-

191 3777 197 3790 .
273 3732 374 3814 plinas
387 3731 544 3813 mysticas,
560 3735 595 3792 ut
611 3733 655 3793 ita
670 3731 777 3807 dicam,
792 3731 1016 3794 aDoriensium
1027 3731 1222 3813 pontificibus
1238 3732 1389 3794 excultas.

272 3835 358 3897 Inter
379 3838 545 3917 utrumque
566 3856 696 3917 poeseos
721 3838 826 3917 epioae
846 3857 945 3918 genus
969 3837 1102 3898 medium
1117 3837 1267 3919 quendam
1288 3839 1389 3900 teneri

273 3941 374 4002 locum
404 3941 441 4001 ab
471 3940 594 4020 hymnis
626 3941 787 4003 homericis
819 3938 1027 4022 0010000011Β
1049 3941 1163 4018 habeo,
1192 3941 1334 4022 quoniam
1356 3945 1390 4003 et

274 4065 376 4107 rerum
413 4048 445 4105 et
473 4047 635 4108 verboram
664 4065 732 4107 oum
761 4050 891 4129 utroque
914 4064 1029 4126 genere
1049 4048 1147 4124 agunt
1168 4045 1389 4108 commercium.

348 4197 1230 4300 mmmmmffimfflmfflmmmu

345 4315 372 4386 2)
390 4315 547 4385 Bernhardy
566 4317 614 4370 1.1.
632 4317 668 4383 1⁰,
687 4315 875 4387 pg.335;11⁸,
894 4316 910 4370 1
931 4333 977 4387 pg.
991 4317 1042 4372 265
1061 4332 1120 4386 sqq.
1140 4315 1187 4371 all.
1205 4315 1236 4369 11.

345 4403 373 4473 3)
391 4402 550 4474 Bernhardy
567 4404 623 4460 1.1.
640 4403 691 4469 Πῡ,
710 4404 725 4458 1
744 4421 790 4474 pg.
801 4404 854 4460 222
873 4419 932 4474 sqq.
