<?xml version="1.0" encoding="UTF-8"?>
<!DOCTYPE html PUBLIC "-//W3C//DTD XHTML 1.0 Transitional//EN"
    "http://www.w3.org/TR/xhtml1/DTD/xhtml1-transitional.dtd">
<html xmlns="http://www.w3.org/1999/xhtml" xml:lang="en" lang="en">
 <head>
  <title>
</title>
<meta http-equiv="Content-Type" content="text/html;charset=utf-8" />
  <meta name='ocr-system' content='tesseract 3.04.00' />
  <meta name='ocr-capabilities' content='ocr_page ocr_carea ocr_par ocr_line ocrx_word'/>
</head>
<body>
  <div class='ocr_page' id='page_1' title='image "./prolegomenaadhy01thiegoog_0065.png"; bbox 0 0 3082 4936; ppageno 0'>
   <div class='ocr_carea' id='block_1_1' title="bbox 703 265 917 325">
    <p class='ocr_par' dir='ltr' id='par_1_1' title="bbox 703 265 917 325">
     <span class='ocr_line' id='line_1_1' title="bbox 703 265 917 325; baseline -0.009 -17"><span class='ocrx_word' id='word_1_1' title='bbox 703 265 917 325; x_wconf 68' lang='lat'>..55-</span> 
     </span>
    </p>
   </div>
   <div class='ocr_carea' id='block_1_2' title="bbox 269 449 1391 3660">
    <p class='ocr_par' dir='ltr' id='par_1_2' title="bbox 269 449 1376 1034">
     <span class='ocr_line' id='line_1_2' title="bbox 271 449 1373 533; baseline -0.003 -20"><span class='ocrx_word' id='word_1_2' title='bbox 271 451 334 513; x_wconf 88' lang='lat' dir='ltr'>filia</span> <span class='ocrx_word' id='word_1_3' title='bbox 364 451 496 533; x_wconf 86' lang='lat' dir='ltr'>Dymae,</span> <span class='ocrx_word' id='word_1_4' title='bbox 526 450 685 532; x_wconf 79' lang='lat' dir='ltr'><strong>Phrygum</strong></span> <span class='ocrx_word' id='word_1_5' title='bbox 718 453 828 530; x_wconf 81' lang='lat' dir='ltr'>regis².</span> <span class='ocrx_word' id='word_1_6' title='bbox 876 451 961 514; x_wconf 87' lang='lat' dir='ltr'>Haec</span> <span class='ocrx_word' id='word_1_7' title='bbox 1000 453 1099 514; x_wconf 92' lang='lat' dir='ltr'>omnia</span> <span class='ocrx_word' id='word_1_8' title='bbox 1127 453 1269 513; x_wconf 87' lang='lat' dir='ltr'>veterum</span> <span class='ocrx_word' id='word_1_9' title='bbox 1297 449 1373 511; x_wconf 88' lang='lat' dir='ltr'>seri-</span> 
     </span>
     <span class='ocr_line' id='line_1_3' title="bbox 270 555 1373 638; baseline -0.003 -22"><span class='ocrx_word' id='word_1_10' title='bbox 270 560 391 637; x_wconf 90' lang='lat' dir='ltr'>ptornm</span> <span class='ocrx_word' id='word_1_11' title='bbox 412 555 587 617; x_wconf 85' lang='lat' dir='ltr'>testimonia</span> <span class='ocrx_word' id='word_1_12' title='bbox 609 575 789 638; x_wconf 87' lang='lat' dir='ltr'>quamquam</span> <span class='ocrx_word' id='word_1_13' title='bbox 799 576 860 617; x_wconf 93' lang='lat' dir='ltr'>non</span> <span class='ocrx_word' id='word_1_14' title='bbox 883 557 922 617; x_wconf 89' lang='lat' dir='ltr'>ad</span> <span class='ocrx_word' id='word_1_15' title='bbox 940 558 1036 618; x_wconf 86' lang='lat' dir='ltr'>verba</span> <span class='ocrx_word' id='word_1_16' title='bbox 1050 575 1126 618; x_wconf 87' lang='lat' dir='ltr'>vera</span> <span class='ocrx_word' id='word_1_17' title='bbox 1140 555 1276 636; x_wconf 88' lang='lat' dir='ltr'>putanda</span> <span class='ocrx_word' id='word_1_18' title='bbox 1292 557 1373 628; x_wconf 88' lang='lat' dir='ltr'>sunt,</span> 
     </span>
     <span class='ocr_line' id='line_1_4' title="bbox 271 657 1372 742; baseline -0.005 -20"><span class='ocrx_word' id='word_1_19' title='bbox 271 664 374 722; x_wconf 85' lang='lat' dir='ltr'>tamen</span> <span class='ocrx_word' id='word_1_20' title='bbox 395 661 460 722; x_wconf 90' lang='lat' dir='ltr'>sine</span> <span class='ocrx_word' id='word_1_21' title='bbox 483 659 574 720; x_wconf 88' lang='lat' dir='ltr'>dubio</span> <span class='ocrx_word' id='word_1_22' title='bbox 599 659 750 737; x_wconf 83' lang='lat' dir='ltr'>efficiunt,</span> <span class='ocrx_word' id='word_1_23' title='bbox 779 660 926 721; x_wconf 82' lang='lat' dir='ltr'>Troianos</span> <span class='ocrx_word' id='word_1_24' title='bbox 949 663 980 722; x_wconf 89' lang='lat' dir='ltr'>et</span> <span class='ocrx_word' id='word_1_25' title='bbox 1000 661 1140 742; x_wconf 83' lang='lat' dir='ltr'>Phryges</span> <span class='ocrx_word' id='word_1_26' title='bbox 1160 660 1266 720; x_wconf 87' lang='lat' dir='ltr'>intima</span> <span class='ocrx_word' id='word_1_27' title='bbox 1287 657 1372 718; x_wconf 84' lang='lat' dir='ltr'>sami-</span> 
     </span>
     <span class='ocr_line' id='line_1_5' title="bbox 269 760 1375 844; baseline -0.005 -19"><span class='ocrx_word' id='word_1_28' title='bbox 269 764 411 840; x_wconf 87' lang='lat' dir='ltr'>liaritate,</span> <span class='ocrx_word' id='word_1_29' title='bbox 433 766 504 826; x_wconf 91' lang='lat' dir='ltr'>utut</span> <span class='ocrx_word' id='word_1_30' title='bbox 521 763 651 844; x_wconf 90' lang='lat' dir='ltr'>populos</span> <span class='ocrx_word' id='word_1_31' title='bbox 670 767 818 844; x_wconf 87' lang='lat' dir='ltr'>cognatos</span> <span class='ocrx_word' id='word_1_32' title='bbox 833 764 930 840; x_wconf 87' lang='lat' dir='ltr'>decet,</span> <span class='ocrx_word' id='word_1_33' title='bbox 954 766 1130 826; x_wconf 86' lang='lat' dir='ltr'>coniunctos</span> <span class='ocrx_word' id='word_1_34' title='bbox 1145 764 1249 824; x_wconf 83' lang='lat' dir='ltr'>fuisse.</span> <span class='ocrx_word' id='word_1_35' title='bbox 1284 760 1375 830; x_wconf 76' lang='lat' dir='ltr'>Quod</span> 
     </span>
     <span class='ocr_line' id='line_1_6' title="bbox 273 867 1376 948; baseline -0.002 -19"><span class='ocrx_word' id='word_1_36' title='bbox 273 869 299 930; x_wconf 87' lang='lat' dir='ltr'>si</span> <span class='ocrx_word' id='word_1_37' title='bbox 321 887 384 928; x_wconf 92' lang='lat' dir='ltr'>non</span> <span class='ocrx_word' id='word_1_38' title='bbox 407 870 574 943; x_wconf 72' lang='lat' dir='ltr'>statueres,</span> <span class='ocrx_word' id='word_1_39' title='bbox 596 871 718 929; x_wconf 87' lang='lat' dir='ltr'>veteres</span> <span class='ocrx_word' id='word_1_40' title='bbox 741 869 786 930; x_wconf 91' lang='lat' dir='ltr'>illi</span> <span class='ocrx_word' id='word_1_41' title='bbox 809 871 949 930; x_wconf 89' lang='lat' dir='ltr'>auctores</span> <span class='ocrx_word' id='word_1_42' title='bbox 979 887 1079 948; x_wconf 88' lang='lat' dir='ltr'>nugas</span> <span class='ocrx_word' id='word_1_43' title='bbox 1099 867 1285 928; x_wconf 82' lang='lat' dir='ltr'>confabulati</span> <span class='ocrx_word' id='word_1_44' title='bbox 1306 885 1376 928; x_wconf 89' lang='lat' dir='ltr'>esse</span> 
     </span>
     <span class='ocr_line' id='line_1_7' title="bbox 271 972 458 1034; baseline -0.011 0"><span class='ocrx_word' id='word_1_45' title='bbox 271 972 458 1034; x_wconf 82' lang='lat' dir='ltr'>viderentur.</span> 
     </span>
    </p>

    <p class='ocr_par' dir='ltr' id='par_1_3' title="bbox 273 1074 1391 3660">
     <span class='ocr_line' id='line_1_8' title="bbox 355 1074 1372 1158; baseline -0.002 -22"><span class='ocrx_word' id='word_1_46' title='bbox 355 1075 422 1136; x_wconf 88' lang='lat' dir='ltr'>Iam</span> <span class='ocrx_word' id='word_1_47' title='bbox 450 1095 489 1136; x_wconf 92' lang='lat' dir='ltr'>ne</span> <span class='ocrx_word' id='word_1_48' title='bbox 512 1076 617 1137; x_wconf 90' lang='lat' dir='ltr'>credat</span> <span class='ocrx_word' id='word_1_49' title='bbox 633 1077 801 1158; x_wconf 88' lang='lat' dir='ltr'>quisquam,</span> <span class='ocrx_word' id='word_1_50' title='bbox 822 1098 871 1139; x_wconf 91' lang='lat' dir='ltr'>me</span> <span class='ocrx_word' id='word_1_51' title='bbox 894 1079 1050 1157; x_wconf 72' lang='lat' dir='ltr'>congestis</span> <span class='ocrx_word' id='word_1_52' title='bbox 1074 1079 1112 1138; x_wconf 92' lang='lat' dir='ltr'>de</span> <span class='ocrx_word' id='word_1_53' title='bbox 1133 1076 1235 1156; x_wconf 89' lang='lat' dir='ltr'>gentis</span> <span class='ocrx_word' id='word_1_54' title='bbox 1259 1074 1372 1136; x_wconf 89' lang='lat' dir='ltr'>troicae</span> 
     </span>
     <span class='ocr_line' id='line_1_9' title="bbox 273 1179 1375 1264; baseline -0.001 -24"><span class='ocrx_word' id='word_1_55' title='bbox 273 1179 390 1260; x_wconf 84' lang='lat' dir='ltr'>origine</span> <span class='ocrx_word' id='word_1_56' title='bbox 422 1199 458 1241; x_wconf 88' lang='lat' dir='ltr'>ao</span> <span class='ocrx_word' id='word_1_57' title='bbox 481 1181 519 1240; x_wconf 92' lang='lat' dir='ltr'>de</span> <span class='ocrx_word' id='word_1_58' title='bbox 541 1181 714 1261; x_wconf 88' lang='lat' dir='ltr'>primordiis</span> <span class='ocrx_word' id='word_1_59' title='bbox 736 1187 936 1263; x_wconf 87' lang='lat' dir='ltr'>cognatorum</span> <span class='ocrx_word' id='word_1_60' title='bbox 958 1183 1140 1264; x_wconf 90' lang='lat' dir='ltr'>populorum</span> <span class='ocrx_word' id='word_1_61' title='bbox 1167 1181 1243 1242; x_wconf 89' lang='lat' dir='ltr'>locis</span> <span class='ocrx_word' id='word_1_62' title='bbox 1266 1199 1375 1261; x_wconf 91' lang='lat' dir='ltr'>propc-</span> 
     </span>
     <span class='ocr_line' id='line_1_10' title="bbox 274 1283 1378 1368; baseline 0 -24"><span class='ocrx_word' id='word_1_63' title='bbox 274 1283 326 1344; x_wconf 91' lang='lat' dir='ltr'>siti</span> <span class='ocrx_word' id='word_1_64' title='bbox 346 1284 406 1346; x_wconf 88' lang='lat' dir='ltr'>mei</span> <span class='ocrx_word' id='word_1_65' title='bbox 428 1285 555 1345; x_wconf 90' lang='lat' dir='ltr'>oblitum</span> <span class='ocrx_word' id='word_1_66' title='bbox 578 1305 654 1346; x_wconf 89' lang='lat' dir='ltr'>esse.</span> <span class='ocrx_word' id='word_1_67' title='bbox 686 1285 790 1356; x_wconf 71' lang='lat' dir='ltr'>Quare</span> <span class='ocrx_word' id='word_1_68' title='bbox 813 1287 840 1347; x_wconf 92' lang='lat' dir='ltr'>si</span> <span class='ocrx_word' id='word_1_69' title='bbox 855 1287 1012 1363; x_wconf 75' lang='lat' dir='ltr'>consedes,</span> <span class='ocrx_word' id='word_1_70' title='bbox 1033 1305 1110 1368; x_wconf 88' lang='lat' dir='ltr'>quae</span> <span class='ocrx_word' id='word_1_71' title='bbox 1125 1286 1163 1346; x_wconf 91' lang='lat' dir='ltr'>de</span> <span class='ocrx_word' id='word_1_72' title='bbox 1179 1283 1378 1345; x_wconf 78' lang='lat' dir='ltr'>Troianorum</span> 
     </span>
     <span class='ocr_line' id='line_1_11' title="bbox 273 1387 1379 1471; baseline 0 -23"><span class='ocrx_word' id='word_1_73' title='bbox 273 1388 385 1468; x_wconf 92' lang='lat' dir='ltr'>populo</span> <span class='ocrx_word' id='word_1_74' title='bbox 415 1391 486 1450; x_wconf 91' lang='lat' dir='ltr'>sunt</span> <span class='ocrx_word' id='word_1_75' title='bbox 519 1389 616 1465; x_wconf 88' lang='lat' dir='ltr'>dicta,</span> <span class='ocrx_word' id='word_1_76' title='bbox 648 1410 766 1451; x_wconf 88' lang='lat' dir='ltr'>mecum</span> <span class='ocrx_word' id='word_1_77' title='bbox 799 1393 987 1467; x_wconf 79' lang='lat' dir='ltr'>consenties,</span> <span class='ocrx_word' id='word_1_78' title='bbox 1026 1391 1108 1452; x_wconf 84' lang='lat' dir='ltr'>facili</span> <span class='ocrx_word' id='word_1_79' title='bbox 1139 1390 1278 1471; x_wconf 88' lang='lat' dir='ltr'>potuisse</span> <span class='ocrx_word' id='word_1_80' title='bbox 1312 1387 1379 1449; x_wconf 90' lang='lat' dir='ltr'>fieri</span> 
     </span>
     <span class='ocr_line' id='line_1_12' title="bbox 274 1493 1380 1576; baseline 0 -23"><span class='ocrx_word' id='word_1_81' title='bbox 274 1494 417 1572; x_wconf 79' lang='lat' dir='ltr'>negotis,</span> <span class='ocrx_word' id='word_1_82' title='bbox 438 1499 473 1554; x_wconf 92' lang='lat' dir='ltr'>ut</span> <span class='ocrx_word' id='word_1_83' title='bbox 495 1493 548 1555; x_wconf 89' lang='lat' dir='ltr'>illa</span> <span class='ocrx_word' id='word_1_84' title='bbox 567 1495 625 1555; x_wconf 92' lang='lat' dir='ltr'>dea</span> <span class='ocrx_word' id='word_1_85' title='bbox 646 1513 774 1573; x_wconf 88' lang='lat' dir='ltr'>magna,</span> <span class='ocrx_word' id='word_1_86' title='bbox 797 1497 847 1556; x_wconf 87' lang='lat' dir='ltr'>cui</span> <span class='ocrx_word' id='word_1_87' title='bbox 870 1496 950 1576; x_wconf 86' lang='lat' dir='ltr'>apud</span> <span class='ocrx_word' id='word_1_88' title='bbox 969 1496 1118 1557; x_wconf 81' lang='lat' dir='ltr'>Troianos</span> <span class='ocrx_word' id='word_1_89' title='bbox 1140 1514 1250 1555; x_wconf 90' lang='lat' dir='ltr'>nomen</span> <span class='ocrx_word' id='word_1_90' title='bbox 1272 1493 1380 1566; x_wconf 85' lang='lat' dir='ltr'>matris</span> 
     </span>
     <span class='ocr_line' id='line_1_13' title="bbox 274 1597 1380 1681; baseline 0.001 -24"><span class='ocrx_word' id='word_1_91' title='bbox 274 1597 387 1658; x_wconf 87' lang='lat' dir='ltr'>Idaeae</span> <span class='ocrx_word' id='word_1_92' title='bbox 415 1600 497 1673; x_wconf 89' lang='lat' dir='ltr'>erat,</span> <span class='ocrx_word' id='word_1_93' title='bbox 531 1618 600 1659; x_wconf 90' lang='lat' dir='ltr'>cum</span> <span class='ocrx_word' id='word_1_94' title='bbox 633 1600 754 1660; x_wconf 86' lang='lat' dir='ltr'>numine</span> <span class='ocrx_word' id='word_1_95' title='bbox 784 1600 915 1681; x_wconf 77' lang='lat' dir='ltr'>Cybeles</span> <span class='ocrx_word' id='word_1_96' title='bbox 938 1602 990 1662; x_wconf 89' lang='lat' dir='ltr'>vel</span> <span class='ocrx_word' id='word_1_97' title='bbox 1018 1601 1227 1680; x_wconf 77' lang='lat' dir='ltr'>Dindymenes</span> <span class='ocrx_word' id='word_1_98' title='bbox 1264 1597 1380 1673; x_wconf 90' lang='lat' dir='ltr'>matris,</span> 
     </span>
     <span class='ocr_line' id='line_1_14' title="bbox 275 1701 1382 1787; baseline 0.001 -26"><span class='ocrx_word' id='word_1_99' title='bbox 275 1701 356 1784; x_wconf 92' lang='lat' dir='ltr'>quod</span> <span class='ocrx_word' id='word_1_100' title='bbox 396 1702 478 1782; x_wconf 90' lang='lat' dir='ltr'>apud</span> <span class='ocrx_word' id='word_1_101' title='bbox 505 1701 646 1782; x_wconf 90' lang='lat' dir='ltr'>Phryges</span> <span class='ocrx_word' id='word_1_102' title='bbox 671 1703 835 1787; x_wconf 88' lang='lat' dir='ltr'>Lydosque</span> <span class='ocrx_word' id='word_1_103' title='bbox 871 1707 1043 1782; x_wconf 89' lang='lat' dir='ltr'>colebatur,</span> <span class='ocrx_word' id='word_1_104' title='bbox 1077 1704 1264 1765; x_wconf 88' lang='lat' dir='ltr'>multimodis</span> <span class='ocrx_word' id='word_1_105' title='bbox 1297 1705 1382 1764; x_wconf 88' lang='lat' dir='ltr'>esset</span> 
     </span>
     <span class='ocr_line' id='line_1_15' title="bbox 275 1807 1381 1890; baseline -0.001 -23"><span class='ocrx_word' id='word_1_106' title='bbox 275 1807 410 1867; x_wconf 82' lang='lat' dir='ltr'>confusa.</span> <span class='ocrx_word' id='word_1_107' title='bbox 455 1807 547 1877; x_wconf 81' lang='lat' dir='ltr'>Quod</span> <span class='ocrx_word' id='word_1_108' title='bbox 576 1827 649 1868; x_wconf 87' lang='lat' dir='ltr'>vero</span> <span class='ocrx_word' id='word_1_109' title='bbox 681 1809 810 1890; x_wconf 85' lang='lat' dir='ltr'>qualeve</span> <span class='ocrx_word' id='word_1_110' title='bbox 836 1811 913 1871; x_wconf 88' lang='lat' dir='ltr'>illud</span> <span class='ocrx_word' id='word_1_111' title='bbox 939 1831 1050 1871; x_wconf 89' lang='lat' dir='ltr'>numen</span> <span class='ocrx_word' id='word_1_112' title='bbox 1074 1811 1105 1870; x_wconf 90' lang='lat' dir='ltr'>et</span> <span class='ocrx_word' id='word_1_113' title='bbox 1128 1809 1210 1889; x_wconf 86' lang='lat' dir='ltr'>apud</span> <span class='ocrx_word' id='word_1_114' title='bbox 1233 1807 1381 1868; x_wconf 82' lang='lat' dir='ltr'>Troianos</span> 
     </span>
     <span class='ocr_line' id='line_1_16' title="bbox 275 1910 1379 1995; baseline 0 -25"><span class='ocrx_word' id='word_1_115' title='bbox 275 1915 307 1970; x_wconf 89' lang='lat' dir='ltr'>et</span> <span class='ocrx_word' id='word_1_116' title='bbox 330 1911 413 1990; x_wconf 89' lang='lat' dir='ltr'>apud</span> <span class='ocrx_word' id='word_1_117' title='bbox 434 1910 576 1992; x_wconf 86' lang='lat' dir='ltr'>Phryges</span> <span class='ocrx_word' id='word_1_118' title='bbox 599 1914 706 1989; x_wconf 83' lang='lat' dir='ltr'>fuerit,</span> <span class='ocrx_word' id='word_1_119' title='bbox 738 1915 809 1975; x_wconf 90' lang='lat' dir='ltr'>dein</span> <span class='ocrx_word' id='word_1_120' title='bbox 831 1934 910 1995; x_wconf 87' lang='lat' dir='ltr'>qnae</span> <span class='ocrx_word' id='word_1_121' title='bbox 933 1915 990 1976; x_wconf 90' lang='lat' dir='ltr'>dea</span> <span class='ocrx_word' id='word_1_122' title='bbox 1013 1935 1053 1974; x_wconf 89' lang='lat' dir='ltr'>ex</span> <span class='ocrx_word' id='word_1_123' title='bbox 1073 1915 1228 1974; x_wconf 88' lang='lat' dir='ltr'>ambarum</span> <span class='ocrx_word' id='word_1_124' title='bbox 1249 1910 1379 1972; x_wconf 85' lang='lat' dir='ltr'>confusi·</span> 
     </span>
     <span class='ocr_line' id='line_1_17' title="bbox 278 2016 1383 2099; baseline -0.001 -24"><span class='ocrx_word' id='word_1_125' title='bbox 278 2034 334 2075; x_wconf 90' lang='lat' dir='ltr'>one</span> <span class='ocrx_word' id='word_1_126' title='bbox 365 2016 405 2076; x_wconf 89' lang='lat' dir='ltr'>sit</span> <span class='ocrx_word' id='word_1_127' title='bbox 436 2019 518 2090; x_wconf 89' lang='lat' dir='ltr'>orta,</span> <span class='ocrx_word' id='word_1_128' title='bbox 550 2018 725 2079; x_wconf 87' lang='lat' dir='ltr'>examinare</span> <span class='ocrx_word' id='word_1_129' title='bbox 755 2020 1004 2098; x_wconf 86' lang='lat' dir='ltr'>supersedemus,</span> <span class='ocrx_word' id='word_1_130' title='bbox 1035 2018 1106 2099; x_wconf 88' lang='lat' dir='ltr'>quia</span> <span class='ocrx_word' id='word_1_131' title='bbox 1127 2037 1182 2098; x_wconf 89' lang='lat' dir='ltr'>pro</span> <span class='ocrx_word' id='word_1_132' title='bbox 1206 2016 1383 2098; x_wconf 83' lang='lat' dir='ltr'>quaestione</span> 
     </span>
     <span class='ocr_line' id='line_1_18' title="bbox 281 2116 1387 2199; baseline 0.001 -20"><span class='ocrx_word' id='word_1_133' title='bbox 281 2122 388 2180; x_wconf 85' lang='lat' dir='ltr'>nostra</span> <span class='ocrx_word' id='word_1_134' title='bbox 418 2118 549 2180; x_wconf 83' lang='lat' dir='ltr'>sufficiet</span> <span class='ocrx_word' id='word_1_135' title='bbox 585 2116 825 2199; x_wconf 78' lang='lat' dir='ltr'>demonstrasse,</span> <span class='ocrx_word' id='word_1_136' title='bbox 860 2125 1067 2199; x_wconf 83' lang='lat' dir='ltr'>confusionem</span> <span class='ocrx_word' id='word_1_137' title='bbox 1097 2123 1163 2183; x_wconf 90' lang='lat' dir='ltr'>sine</span> <span class='ocrx_word' id='word_1_138' title='bbox 1197 2122 1288 2183; x_wconf 89' lang='lat' dir='ltr'>dubio</span> <span class='ocrx_word' id='word_1_139' title='bbox 1317 2139 1387 2181; x_wconf 90' lang='lat' dir='ltr'>esse</span> 
     </span>
     <span class='ocr_line' id='line_1_19' title="bbox 278 2223 1386 2307; baseline 0.001 -24"><span class='ocrx_word' id='word_1_140' title='bbox 278 2225 398 2284; x_wconf 86' lang='lat' dir='ltr'>factam.</span> <span class='ocrx_word' id='word_1_141' title='bbox 442 2223 550 2285; x_wconf 88' lang='lat' dir='ltr'>Multis</span> <span class='ocrx_word' id='word_1_142' title='bbox 582 2227 662 2288; x_wconf 90' lang='lat' dir='ltr'>enim</span> <span class='ocrx_word' id='word_1_143' title='bbox 690 2228 722 2288; x_wconf 89' lang='lat' dir='ltr'>in</span> <span class='ocrx_word' id='word_1_144' title='bbox 750 2229 842 2289; x_wconf 88' lang='lat' dir='ltr'>rebus</span> <span class='ocrx_word' id='word_1_145' title='bbox 875 2226 1022 2288; x_wconf 80' lang='lat' dir='ltr'>Troianos</span> <span class='ocrx_word' id='word_1_146' title='bbox 1055 2246 1152 2307; x_wconf 89' lang='lat' dir='ltr'>aeque</span> <span class='ocrx_word' id='word_1_147' title='bbox 1182 2244 1217 2286; x_wconf 85' lang='lat' dir='ltr'>ac</span> <span class='ocrx_word' id='word_1_148' title='bbox 1245 2225 1386 2305; x_wconf 88' lang='lat' dir='ltr'>Phryges</span> 
     </span>
     <span class='ocr_line' id='line_1_20' title="bbox 279 2329 1386 2418; baseline -0.001 -29"><span class='ocrx_word' id='word_1_149' title='bbox 279 2347 399 2408; x_wconf 89' lang='lat' dir='ltr'>semper</span> <span class='ocrx_word' id='word_1_150' title='bbox 428 2347 497 2389; x_wconf 87' lang='lat' dir='ltr'>eum</span> <span class='ocrx_word' id='word_1_151' title='bbox 528 2330 668 2408; x_wconf 89' lang='lat' dir='ltr'>cognatis</span> <span class='ocrx_word' id='word_1_152' title='bbox 700 2330 849 2393; x_wconf 82' lang='lat' dir='ltr'>Thraciae</span> <span class='ocrx_word' id='word_1_153' title='bbox 870 2333 1040 2418; x_wconf 88' lang='lat' dir='ltr'>gentihus,</span> <span class='ocrx_word' id='word_1_154' title='bbox 1079 2331 1189 2411; x_wconf 80' lang='lat' dir='ltr'>priscis</span> <span class='ocrx_word' id='word_1_155' title='bbox 1218 2329 1313 2390; x_wconf 89' lang='lat' dir='ltr'>Asiae</span> <span class='ocrx_word' id='word_1_156' title='bbox 1343 2329 1386 2389; x_wconf 90' lang='lat' dir='ltr'>in-</span> 
     </span>
     <span class='ocr_line' id='line_1_21' title="bbox 278 2431 1384 2514; baseline 0.001 -23"><span class='ocrx_word' id='word_1_157' title='bbox 278 2431 369 2507; x_wconf 87' lang='lat' dir='ltr'>colis,</span> <span class='ocrx_word' id='word_1_158' title='bbox 393 2432 580 2495; x_wconf 88' lang='lat' dir='ltr'>artissimum</span> <span class='ocrx_word' id='word_1_159' title='bbox 600 2436 811 2496; x_wconf 88' lang='lat' dir='ltr'>commercium</span> <span class='ocrx_word' id='word_1_160' title='bbox 834 2437 937 2514; x_wconf 89' lang='lat' dir='ltr'>egisse</span> <span class='ocrx_word' id='word_1_161' title='bbox 958 2437 1146 2497; x_wconf 89' lang='lat' dir='ltr'>contendunt</span> <span class='ocrx_word' id='word_1_162' title='bbox 1162 2434 1276 2513; x_wconf 88' lang='lat' dir='ltr'>optime</span> <span class='ocrx_word' id='word_1_163' title='bbox 1292 2432 1384 2493; x_wconf 91' lang='lat' dir='ltr'>Bern-</span> 
     </span>
     <span class='ocr_line' id='line_1_22' title="bbox 279 2535 1385 2620; baseline 0 -24"><span class='ocrx_word' id='word_1_164' title='bbox 279 2535 434 2617; x_wconf 75' lang='lat' dir='ltr'>hardyus²</span> <span class='ocrx_word' id='word_1_165' title='bbox 466 2542 497 2598; x_wconf 87' lang='lat' dir='ltr'>et</span> <span class='ocrx_word' id='word_1_166' title='bbox 521 2535 692 2600; x_wconf 80' lang='lat' dir='ltr'>Gisekius³.</span> <span class='ocrx_word' id='word_1_167' title='bbox 736 2539 802 2601; x_wconf 90' lang='lat' dir='ltr'>Dea</span> <span class='ocrx_word' id='word_1_168' title='bbox 829 2561 903 2601; x_wconf 86' lang='lat' dir='ltr'>vero</span> <span class='ocrx_word' id='word_1_169' title='bbox 933 2559 1046 2620; x_wconf 89' lang='lat' dir='ltr'>magna</span> <span class='ocrx_word' id='word_1_170' title='bbox 1068 2540 1120 2600; x_wconf 87' lang='lat' dir='ltr'>vel</span> <span class='ocrx_word' id='word_1_171' title='bbox 1141 2540 1268 2599; x_wconf 89' lang='lat' dir='ltr'>deorum</span> <span class='ocrx_word' id='word_1_172' title='bbox 1289 2539 1385 2598; x_wconf 90' lang='lat' dir='ltr'>mater</span> 
     </span>
     <span class='ocr_line' id='line_1_23' title="bbox 279 2634 1382 2725; baseline 0.001 -26"><span class='ocrx_word' id='word_1_173' title='bbox 279 2641 361 2720; x_wconf 89' lang='lat' dir='ltr'>apud</span> <span class='ocrx_word' id='word_1_174' title='bbox 396 2639 531 2703; x_wconf 80' lang='lat' dir='ltr'>Thraces</span> <span class='ocrx_word' id='word_1_175' title='bbox 563 2642 621 2703; x_wconf 83' lang='lat' dir='ltr'>fuit</span> <span class='ocrx_word' id='word_1_176' title='bbox 651 2634 784 2718; x_wconf 72' lang='grc' dir='ltr'>Κότυς4</span> <span class='ocrx_word' id='word_1_177' title='bbox 816 2645 868 2706; x_wconf 81' lang='lat' dir='ltr'>vel</span> <span class='ocrx_word' id='word_1_178' title='bbox 898 2635 1080 2718; x_wconf 62' lang='grc' dir='ltr'><strong><em>Κοττυτώῧ,</em></strong></span> <span class='ocrx_word' id='word_1_179' title='bbox 1120 2661 1197 2725; x_wconf 91' lang='lat' dir='ltr'>quae</span> <span class='ocrx_word' id='word_1_180' title='bbox 1228 2645 1278 2702; x_wconf 90' lang='lat' dir='ltr'>est</span> <span class='ocrx_word' id='word_1_181' title='bbox 1307 2641 1382 2720; x_wconf 87' lang='lat' dir='ltr'>apud</span> 
     </span>
     <span class='ocr_line' id='line_1_24' title="bbox 278 2743 1386 2827; baseline -0.004 -19"><span class='ocrx_word' id='word_1_182' title='bbox 278 2743 419 2824; x_wconf 88' lang='lat' dir='ltr'>Phryges</span> <span class='ocrx_word' id='word_1_183' title='bbox 450 2745 579 2827; x_wconf 79' lang='lat' dir='ltr'>Cybele,</span> <span class='ocrx_word' id='word_1_184' title='bbox 609 2749 691 2827; x_wconf 90' lang='lat' dir='ltr'>apud</span> <span class='ocrx_word' id='word_1_185' title='bbox 721 2748 868 2810; x_wconf 83' lang='lat' dir='ltr'>Troianos</span> <span class='ocrx_word' id='word_1_186' title='bbox 899 2753 997 2810; x_wconf 88' lang='lat' dir='ltr'>mater</span> <span class='ocrx_word' id='word_1_187' title='bbox 1029 2747 1131 2809; x_wconf 89' lang='lat' dir='ltr'>Idaea.</span> <span class='ocrx_word' id='word_1_188' title='bbox 1177 2747 1324 2810; x_wconf 80' lang='lat' dir='ltr'>Ceterum</span> <span class='ocrx_word' id='word_1_189' title='bbox 1352 2745 1386 2804; x_wconf 91' lang='lat' dir='ltr'>ab</span> 
     </span>
     <span class='ocr_line' id='line_1_25' title="bbox 281 2847 1389 2934; baseline 0.001 -26"><span class='ocrx_word' id='word_1_190' title='bbox 281 2847 431 2924; x_wconf 90' lang='lat' dir='ltr'>Homero,</span> <span class='ocrx_word' id='word_1_191' title='bbox 455 2851 507 2930; x_wconf 90' lang='lat' dir='ltr'>qui</span> <span class='ocrx_word' id='word_1_192' title='bbox 530 2849 692 2928; x_wconf 83' lang='lat' dir='ltr'>Troianos,</span> <span class='ocrx_word' id='word_1_193' title='bbox 715 2853 870 2934; x_wconf 89' lang='lat' dir='ltr'>Phryges,</span> <span class='ocrx_word' id='word_1_194' title='bbox 893 2853 1027 2914; x_wconf 84' lang='lat' dir='ltr'>Thraces</span> <span class='ocrx_word' id='word_1_195' title='bbox 1050 2854 1148 2913; x_wconf 91' lang='lat' dir='ltr'>socios</span> <span class='ocrx_word' id='word_1_196' title='bbox 1165 2851 1261 2912; x_wconf 88' lang='lat' dir='ltr'>fuisse</span> <span class='ocrx_word' id='word_1_197' title='bbox 1276 2853 1389 2925; x_wconf 87' lang='lat' dir='ltr'>narrat,</span> 
     </span>
     <span class='ocr_line' id='line_1_26' title="bbox 281 2952 1390 3038; baseline 0.001 -25"><span class='ocrx_word' id='word_1_198' title='bbox 281 2952 422 3014; x_wconf 85' lang='lat' dir='ltr'>Priamus</span> <span class='ocrx_word' id='word_1_199' title='bbox 443 2953 604 3016; x_wconf 81' lang='lat' dir='ltr'>Thraciam</span> <span class='ocrx_word' id='word_1_200' title='bbox 626 2959 778 3038; x_wconf 87' lang='lat' dir='ltr'>quandam</span> <span class='ocrx_word' id='word_1_201' title='bbox 808 2959 949 3020; x_wconf 83' lang='lat' dir='ltr'>feminam</span> <span class='ocrx_word' id='word_1_202' title='bbox 971 2957 1120 3038; x_wconf 84' lang='lat' dir='ltr'>Aisymae</span> <span class='ocrx_word' id='word_1_203' title='bbox 1149 2958 1248 3016; x_wconf 90' lang='lat' dir='ltr'>ortam</span> <span class='ocrx_word' id='word_1_204' title='bbox 1279 2955 1311 3015; x_wconf 94' lang='lat' dir='ltr'>in</span> <span class='ocrx_word' id='word_1_205' title='bbox 1329 2971 1390 3014; x_wconf 90' lang='lat' dir='ltr'>ma·</span> 
     </span>
     <span class='ocr_line' id='line_1_27' title="bbox 280 3057 1391 3138; baseline 0.001 -21"><span class='ocrx_word' id='word_1_206' title='bbox 280 3057 457 3119; x_wconf 89' lang='lat' dir='ltr'>trimonium</span> <span class='ocrx_word' id='word_1_207' title='bbox 482 3060 610 3122; x_wconf 85' lang='lat' dir='ltr'>duxisse</span> <span class='ocrx_word' id='word_1_208' title='bbox 639 3063 777 3123; x_wconf 89' lang='lat' dir='ltr'>traditur.</span> <span class='ocrx_word' id='word_1_209' title='bbox 832 3063 937 3133; x_wconf 72' lang='lat' dir='ltr'>Quare</span> <span class='ocrx_word' id='word_1_210' title='bbox 970 3067 1006 3122; x_wconf 94' lang='lat' dir='ltr'>ut</span> <span class='ocrx_word' id='word_1_211' title='bbox 1040 3061 1162 3122; x_wconf 89' lang='lat' dir='ltr'>nomina</span> <span class='ocrx_word' id='word_1_212' title='bbox 1200 3059 1391 3138; x_wconf 90' lang='lat' dir='ltr'>singulorum</span> 
     </span>
     <span class='ocr_line' id='line_1_28' title="bbox 282 3159 1391 3245; baseline 0.001 -24"><span class='ocrx_word' id='word_1_213' title='bbox 282 3159 425 3224; x_wconf 76' lang='lat' dir='ltr'>decrum⁶</span> <span class='ocrx_word' id='word_1_214' title='bbox 456 3163 500 3224; x_wconf 87' lang='lat' dir='ltr'>ita</span> <span class='ocrx_word' id='word_1_215' title='bbox 528 3165 625 3225; x_wconf 88' lang='lat' dir='ltr'>totam</span> <span class='ocrx_word' id='word_1_216' title='bbox 653 3167 831 3245; x_wconf 89' lang='lat' dir='ltr'>religionem</span> <span class='ocrx_word' id='word_1_217' title='bbox 860 3166 1012 3227; x_wconf 82' lang='lat' dir='ltr'>Thracum</span> <span class='ocrx_word' id='word_1_218' title='bbox 1041 3185 1109 3226; x_wconf 91' lang='lat' dir='ltr'>cum</span> <span class='ocrx_word' id='word_1_219' title='bbox 1140 3167 1341 3241; x_wconf 88' lang='lat' dir='ltr'>cognatorum</span> <span class='ocrx_word' id='word_1_220' title='bbox 1360 3171 1391 3222; x_wconf 89' lang='lat' dir='ltr'>et</span> 
     </span>
     <span class='ocr_line' id='line_1_29' title="bbox 282 3266 1390 3351; baseline 0 -25"><span class='ocrx_word' id='word_1_221' title='bbox 282 3268 373 3326; x_wconf 91' lang='lat' dir='ltr'>antea</span> <span class='ocrx_word' id='word_1_222' title='bbox 409 3269 638 3330; x_wconf 89' lang='lat' dir='ltr'>coniunctorum</span> <span class='ocrx_word' id='word_1_223' title='bbox 672 3273 853 3351; x_wconf 89' lang='lat' dir='ltr'>populorum</span> <span class='ocrx_word' id='word_1_224' title='bbox 899 3271 1021 3349; x_wconf 91' lang='lat' dir='ltr'>saepius</span> <span class='ocrx_word' id='word_1_225' title='bbox 1053 3289 1138 3344; x_wconf 89' lang='lat' dir='ltr'>esse,</span> <span class='ocrx_word' id='word_1_226' title='bbox 1175 3273 1210 3328; x_wconf 94' lang='lat' dir='ltr'>ut</span> <span class='ocrx_word' id='word_1_227' title='bbox 1255 3266 1390 3328; x_wconf 87' lang='lat' dir='ltr'>breviter</span> 
     </span>
     <span class='ocr_line' id='line_1_30' title="bbox 283 3370 1389 3455; baseline 0 -25"><span class='ocrx_word' id='word_1_228' title='bbox 283 3370 390 3446; x_wconf 90' lang='lat' dir='ltr'>dicam,</span> <span class='ocrx_word' id='word_1_229' title='bbox 412 3374 570 3434; x_wconf 83' lang='lat' dir='ltr'>confusam</span> <span class='ocrx_word' id='word_1_230' title='bbox 595 3393 656 3434; x_wconf 92' lang='lat' dir='ltr'>non</span> <span class='ocrx_word' id='word_1_231' title='bbox 680 3375 744 3435; x_wconf 88' lang='lat' dir='ltr'>sine</span> <span class='ocrx_word' id='word_1_232' title='bbox 766 3375 908 3436; x_wconf 86' lang='lat' dir='ltr'>veritatis</span> <span class='ocrx_word' id='word_1_233' title='bbox 932 3375 1062 3455; x_wconf 88' lang='lat' dir='ltr'>quadam</span> <span class='ocrx_word' id='word_1_234' title='bbox 1086 3372 1186 3452; x_wconf 89' lang='lat' dir='ltr'>specie</span> <span class='ocrx_word' id='word_1_235' title='bbox 1210 3371 1389 3432; x_wconf 89' lang='lat' dir='ltr'>concludere</span> 
     </span>
     <span class='ocr_line' id='line_1_31' title="bbox 282 3476 1388 3559; baseline 0.002 -26"><span class='ocrx_word' id='word_1_236' title='bbox 282 3493 455 3554; x_wconf 91' lang='lat' dir='ltr'>possumus.</span> <span class='ocrx_word' id='word_1_237' title='bbox 495 3476 604 3558; x_wconf 87' lang='lat' dir='ltr'>Neque</span> <span class='ocrx_word' id='word_1_238' title='bbox 623 3479 655 3539; x_wconf 91' lang='lat' dir='ltr'>in</span> <span class='ocrx_word' id='word_1_239' title='bbox 677 3479 734 3540; x_wconf 94' lang='lat' dir='ltr'>hoc</span> <span class='ocrx_word' id='word_1_240' title='bbox 756 3479 828 3539; x_wconf 90' lang='lat' dir='ltr'>licet</span> <span class='ocrx_word' id='word_1_241' title='bbox 847 3483 996 3559; x_wconf 87' lang='lat' dir='ltr'>perstare.</span> <span class='ocrx_word' id='word_1_242' title='bbox 1032 3477 1156 3538; x_wconf 85' lang='lat' dir='ltr'>Etenim</span> <span class='ocrx_word' id='word_1_243' title='bbox 1179 3476 1388 3556; x_wconf 89' lang='lat' dir='ltr'>antiquissimo</span> 
     </span>
     <span class='ocr_line' id='line_1_32' title="bbox 283 3581 1390 3660; baseline 0.002 -23"><span class='ocrx_word' id='word_1_244' title='bbox 283 3585 420 3657; x_wconf 89' lang='lat' dir='ltr'>tempore</span> <span class='ocrx_word' id='word_1_245' title='bbox 439 3581 471 3640; x_wconf 91' lang='lat' dir='ltr'>in</span> <span class='ocrx_word' id='word_1_246' title='bbox 493 3581 594 3643; x_wconf 89' lang='lat' dir='ltr'>insula</span> <span class='ocrx_word' id='word_1_247' title='bbox 610 3581 808 3645; x_wconf 78' lang='lat' dir='ltr'>Samothraca</span> <span class='ocrx_word' id='word_1_248' title='bbox 829 3584 909 3643; x_wconf 90' lang='lat' dir='ltr'>inter</span> <span class='ocrx_word' id='word_1_249' title='bbox 933 3583 1079 3644; x_wconf 87' lang='lat' dir='ltr'>solemnia</span> <span class='ocrx_word' id='word_1_250' title='bbox 1099 3581 1281 3660; x_wconf 89' lang='lat' dir='ltr'>religionum</span> <span class='ocrx_word' id='word_1_251' title='bbox 1304 3595 1390 3640; x_wconf 86' lang='lat' dir='ltr'>sacra</span> 
     </span>
    </p>
   </div>
   <div class='ocr_carea' id='block_1_3' title="bbox 286 3810 1392 4409">
    <p class='ocr_par' dir='ltr' id='par_1_4' title="bbox 355 3810 971 3884">
     <span class='ocr_line' id='line_1_33' title="bbox 355 3810 971 3884; baseline -0.002 -19"><span class='ocrx_word' id='word_1_252' title='bbox 355 3810 574 3877; x_wconf 87' lang='lat' dir='ltr'>1)H0m.Iliad.</span> <span class='ocrx_word' id='word_1_253' title='bbox 593 3832 623 3876; x_wconf 84' lang='lat' dir='ltr'>n,</span> <span class='ocrx_word' id='word_1_254' title='bbox 643 3814 693 3868; x_wconf 83' lang='grc'>716</span> <span class='ocrx_word' id='word_1_255' title='bbox 712 3830 784 3884; x_wconf 89' lang='lat' dir='ltr'>sqq.;</span> <span class='ocrx_word' id='word_1_256' title='bbox 804 3817 824 3877; x_wconf 80' lang='grc' dir='ltr'>ζ,</span> <span class='ocrx_word' id='word_1_257' title='bbox 842 3813 894 3868; x_wconf 82' lang='grc'>218</span> <span class='ocrx_word' id='word_1_258' title='bbox 912 3823 971 3882; x_wconf 87' lang='lat' dir='ltr'>sqq.</span> 
     </span>
    </p>

    <p class='ocr_par' dir='ltr' id='par_1_5' title="bbox 354 3899 903 3970">
     <span class='ocr_line' id='line_1_34' title="bbox 354 3899 903 3970; baseline -0.004 -15"><span class='ocrx_word' id='word_1_259' title='bbox 354 3899 382 3968; x_wconf 78' lang='grc'>2)</span> <span class='ocrx_word' id='word_1_260' title='bbox 402 3899 474 3952; x_wconf 87' lang='lat' dir='ltr'>Hist.</span> <span class='ocrx_word' id='word_1_261' title='bbox 491 3900 547 3954; x_wconf 90' lang='lat' dir='ltr'>litt.</span> <span class='ocrx_word' id='word_1_262' title='bbox 569 3917 655 3970; x_wconf 89' lang='lat' dir='ltr'>graec.</span> <span class='ocrx_word' id='word_1_263' title='bbox 675 3902 688 3955; x_wconf 96' lang='lat' dir='ltr'>I</span> <span class='ocrx_word' id='word_1_264' title='bbox 709 3918 754 3970; x_wconf 89' lang='lat' dir='ltr'>pg.</span> <span class='ocrx_word' id='word_1_265' title='bbox 775 3901 825 3956; x_wconf 81' lang='lat'>152</span> <span class='ocrx_word' id='word_1_266' title='bbox 844 3916 903 3969; x_wconf 88' lang='lat' dir='ltr'>sqq.</span> 
     </span>
    </p>

    <p class='ocr_par' dir='ltr' id='par_1_6' title="bbox 354 3985 1024 4057">
     <span class='ocr_line' id='line_1_35' title="bbox 354 3985 1024 4057; baseline -0.003 -17"><span class='ocrx_word' id='word_1_267' title='bbox 354 3985 566 4057; x_wconf 52' lang='lat' dir='ltr'>alima.</span> <span class='ocrx_word' id='word_1_268' title='bbox 1017 4037 1024 4044; x_wconf 81' lang='grc'><em>,</em></span> 
     </span>
    </p>

    <p class='ocr_par' dir='ltr' id='par_1_7' title="bbox 286 4066 1392 4231">
     <span class='ocr_line' id='line_1_36' title="bbox 354 4066 1390 4144; baseline -0.01 -14"><span class='ocrx_word' id='word_1_269' title='bbox 354 4076 381 4144; x_wconf 82' lang='grc'>4)</span> <span class='ocrx_word' id='word_1_270' title='bbox 401 4075 522 4130; x_wconf 83' lang='lat' dir='ltr'>Gerhard</span> <span class='ocrx_word' id='word_1_271' title='bbox 539 4075 558 4127; x_wconf 92' lang='lat' dir='ltr'>l.</span> <span class='ocrx_word' id='word_1_272' title='bbox 578 4075 596 4127; x_wconf 94' lang='grc'>1.</span> <span class='ocrx_word' id='word_1_273' title='bbox 613 4074 628 4127; x_wconf 92' lang='grc' dir='ltr'><strong>Ι</strong></span> <span class='ocrx_word' id='word_1_274' title='bbox 645 4075 669 4142; x_wconf 65' lang='grc' dir='ltr'>ς.</span> <span class='ocrx_word' id='word_1_275' title='bbox 683 4075 734 4130; x_wconf 86' lang='grc'>145</span> <span class='ocrx_word' id='word_1_276' title='bbox 752 4090 772 4126; x_wconf 90' lang='lat' dir='ltr'>c.</span> <span class='ocrx_word' id='word_1_277' title='bbox 795 4073 855 4128; x_wconf 82' lang='lat' dir='ltr'>adn.</span> <span class='ocrx_word' id='word_1_278' title='bbox 877 4076 902 4137; x_wconf 89' lang='lat'>3,</span> <span class='ocrx_word' id='word_1_279' title='bbox 921 4074 949 4126; x_wconf 89' lang='lat' dir='ltr'>et</span> <span class='ocrx_word' id='word_1_280' title='bbox 967 4071 1068 4139; x_wconf 78' lang='lat'>§.1493</span> <span class='ocrx_word' id='word_1_281' title='bbox 1089 4067 1176 4122; x_wconf 82' lang='lat' dir='ltr'>Strab.</span> <span class='ocrx_word' id='word_1_282' title='bbox 1189 4066 1253 4120; x_wconf 83' lang='lat' dir='ltr'>XVI</span> <span class='ocrx_word' id='word_1_283' title='bbox 1265 4083 1311 4136; x_wconf 86' lang='lat' dir='ltr'>pg.</span> <span class='ocrx_word' id='word_1_284' title='bbox 1325 4068 1390 4129; x_wconf 77' lang='lat'><strong>721;</strong></span> 
     </span>
     <span class='ocr_line' id='line_1_37' title="bbox 286 4155 1392 4231; baseline -0.007 -17"><span class='ocrx_word' id='word_1_285' title='bbox 286 4160 446 4230; x_wconf 82' lang='lat' dir='ltr'>Aeschylum</span> <span class='ocrx_word' id='word_1_286' title='bbox 465 4161 536 4231; x_wconf 86' lang='lat' dir='ltr'>apud</span> <span class='ocrx_word' id='word_1_287' title='bbox 555 4160 642 4216; x_wconf 84' lang='lat' dir='ltr'>Strab.</span> <span class='ocrx_word' id='word_1_288' title='bbox 660 4161 685 4215; x_wconf 91' lang='lat' dir='ltr'>X</span> <span class='ocrx_word' id='word_1_289' title='bbox 702 4179 747 4231; x_wconf 90' lang='lat' dir='ltr'>pg.</span> <span class='ocrx_word' id='word_1_290' title='bbox 767 4163 834 4223; x_wconf 78' lang='lat'>470;</span> <span class='ocrx_word' id='word_1_291' title='bbox 858 4159 971 4214; x_wconf 87' lang='lat' dir='ltr'>Lobeck.</span> <span class='ocrx_word' id='word_1_292' title='bbox 989 4155 1166 4228; x_wconf 87' lang='lat' dir='ltr'>Aglaopham.</span> <span class='ocrx_word' id='word_1_293' title='bbox 1182 4170 1227 4227; x_wconf 89' lang='lat' dir='ltr'>pg.</span> <span class='ocrx_word' id='word_1_294' title='bbox 1248 4155 1318 4208; x_wconf 83' lang='lat'>1014</span> <span class='ocrx_word' id='word_1_295' title='bbox 1333 4169 1392 4222; x_wconf 84' lang='lat' dir='ltr'>sqq.</span> 
     </span>
    </p>

    <p class='ocr_par' dir='ltr' id='par_1_8' title="bbox 358 4249 819 4319">
     <span class='ocr_line' id='line_1_38' title="bbox 358 4249 819 4319; baseline -0.013 -13"><span class='ocrx_word' id='word_1_296' title='bbox 358 4249 384 4319; x_wconf 84' lang='lat'>5)</span> <span class='ocrx_word' id='word_1_297' title='bbox 402 4251 512 4318; x_wconf 82' lang='lat' dir='ltr'>Eupolis</span> <span class='ocrx_word' id='word_1_298' title='bbox 531 4249 603 4319; x_wconf 90' lang='lat' dir='ltr'>apud</span> <span class='ocrx_word' id='word_1_299' title='bbox 620 4249 734 4319; x_wconf 89' lang='lat' dir='ltr'>Hesych.</span> <span class='ocrx_word' id='word_1_300' title='bbox 755 4265 776 4302; x_wconf 90' lang='lat' dir='ltr'>s.</span> <span class='ocrx_word' id='word_1_301' title='bbox 795 4265 819 4301; x_wconf 86' lang='lat' dir='ltr'>v.</span> 
     </span>
    </p>

    <p class='ocr_par' dir='ltr' id='par_1_9' title="bbox 359 4336 931 4409">
     <span class='ocr_line' id='line_1_39' title="bbox 359 4336 931 4409; baseline -0.007 -16"><span class='ocrx_word' id='word_1_302' title='bbox 359 4337 386 4409; x_wconf 76' lang='lat'>6)</span> <span class='ocrx_word' id='word_1_303' title='bbox 406 4337 438 4391; x_wconf 82' lang='lat' dir='ltr'>cf.</span> <span class='ocrx_word' id='word_1_304' title='bbox 458 4336 722 4408; x_wconf 84' lang='lat' dir='ltr'>Lobeck.Aglacph.</span> <span class='ocrx_word' id='word_1_305' title='bbox 741 4351 786 4404; x_wconf 90' lang='lat' dir='ltr'>pg.</span> <span class='ocrx_word' id='word_1_306' title='bbox 805 4336 873 4390; x_wconf 91' lang='lat'>1115</span> <span class='ocrx_word' id='word_1_307' title='bbox 892 4350 931 4406; x_wconf 84' lang='lat' dir='ltr'>sq.</span> 
     </span>
    </p>
   </div>
   <div class='ocr_carea' id='block_1_4' title="bbox 0 0 1565 4932">
    <p class='ocr_par' dir='ltr' id='par_1_10' title="bbox 0 0 1565 4932">
     <span class='ocr_line' id='line_1_40' title="bbox 0 0 1565 4932; baseline 0 0"><span class='ocrx_word' id='word_1_308' title='bbox 0 0 1565 4932; x_wconf 95' lang='lat' dir='ltr'> </span> 
     </span>
    </p>
   </div>
  </div>
 </body>
</html>
