3082 4936
622 351 840 410 ..73-

184 539 353 598 memorata
378 538 410 598 in
439 539 571 598 mentem
591 539 714 610 vocant,
737 554 887 597 summum
909 555 1021 598 numen
1044 535 1126 616 apud
1146 535 1290 616 Phryges

183 639 351 721 Lydosque
373 641 475 721 ipsum
497 641 640 702 adamare
661 660 769 702 aurum
790 641 882 721 idque
904 639 952 715 iis,
975 640 1086 722 quibus
1108 641 1222 714 faveat,
1242 657 1291 698 oo-

182 743 268 824 piosc
290 743 425 824 largiri¹.

271 845 333 909 Sed
355 847 480 910 missam
494 848 572 910 hanc
593 848 632 909 de
651 847 754 909 sabula
765 849 872 909 nostra
882 847 1065 928 explicanda
1080 845 1290 929 quaestionem

183 950 337 1028 faciamus,
361 951 504 1033 quoniam
525 952 727 1032 argumentis,
746 953 892 1034 qnantum
915 952 947 1012 in
961 951 1133 1013 huiusmodi
1156 971 1190 1013 re
1211 951 1292 1025 licet,

183 1055 274 1116 certis
297 1055 486 1136 explicatum
508 1055 632 1116 videtur
654 1075 739 1131 esse,
767 1057 981 1134 argumentum
1002 1055 1103 1132 hymni
1124 1057 1224 1117 totum
1247 1055 1291 1115 fa·

183 1159 261 1219 bulis
291 1160 343 1220 vel
358 1158 558 1220 Troianorum
571 1159 622 1220 vel
634 1157 812 1220 Aeneadum
827 1159 858 1219 in
872 1158 929 1218 Ida
944 1157 1167 1220 considentium
1180 1158 1293 1220 deberi.

182 1259 384 1342 Argumentis
407 1266 509 1324 autem
530 1262 679 1324 similibus
704 1262 829 1324 ridetur
849 1261 884 1324 Ο.
906 1261 1101 1323 Muellerus2
1122 1264 1290 1324 commotus

180 1365 295 1441 firiase,
322 1369 358 1426 ut
378 1367 526 1447 hymnum
547 1369 687 1427 nostrum
706 1366 739 1427 in
759 1363 939 1426 Aeneadum
961 1365 1132 1446 principum
1147 1365 1291 1426 honorem

181 1503 224 1513 --
253 1469 286 1530 id
315 1470 397 1550 quod
424 1471 484 1530 iam
512 1470 699 1532 Matthiaeus
730 1468 909 1530 contendit³
936 1505 981 1514 -
1008 1469 1041 1530 in
1069 1461 1155 1530 ¹urbe
1187 1469 1289 1551 eliqua

181 1572 362 1634 Aeneadum
381 1573 413 1634 in
429 1572 548 1636 'l'roade
572 1576 603 1635 et
616 1573 691 1635 Idae
716 1575 847 1635 saltibus
867 1574 1075 1654 dispersorum
1090 1574 1292 1653 compositum

180 1695 250 1737 esse
291 1679 449 1738 statueret.
507 1679 609 1750 Quam
639 1678 698 1739 viri
733 1677 903 1740 doctissimi
940 1677 1111 1758 opinionem
1148 1697 1210 1738 non
1245 1678 1290 1740 itu

180 1780 299 1840 deviam
313 1781 426 1860 optimo
441 1781 507 1843 inre
523 1779 769 1862 Bernhardyus4
784 1783 815 1842 et
829 1779 1087 1842 Baumeisterus⁵
1108 1781 1287 1842 reiecerunt.

178 1871 318 1965 Namque
348 1889 562 1964 argumentum
589 1886 695 1966 hymni
722 1886 862 1967 quamvis
890 1884 1068 1946 Aeneadum
1096 1885 1207 1946 fabulis
1236 1885 1289 1946 de·

179 1989 301 2063 beatur,
332 1991 434 2052 tamen
458 1990 483 2049 si
511 1990 579 2071 quis
601 1992 703 2069 putet,
732 1989 879 2070 hymnum
905 1989 937 2050 in
958 1986 1139 2050 Aeneadum
1162 1989 1288 2049 urbibus

179 2110 248 2152 esse
271 2093 487 2172 compositum,
517 2095 544 2154 is
567 2098 658 2154 extra
679 2093 772 2168 fines,
795 2093 847 2174 qui
867 2091 1052 2154 coniicicndo
1075 2112 1145 2154 esse
1167 2092 1288 2167 debent,

178 2197 326 2274 vagatur,
358 2217 451 2277 quum
480 2217 541 2258 non
569 2198 680 2258 habeat
708 2198 805 2258 ullum
827 2197 1073 2272 fundamentum,
1101 2216 1160 2278 quc
1190 2196 1289 2276 ipsius

179 2299 352 2378 opinionem
376 2301 519 2362 stabiliat.
562 2301 605 2362 Et
624 2301 747 2381 ignorat
762 2301 931 2361 Muellerus
955 2300 1047 2360 etiam
1068 2300 1173 2380 hymni
1188 2319 1288 2378 genus

178 2402 313 2480 dicendi,
345 2405 427 2487 quod
446 2407 495 2466 est
514 2405 666 2481 ionicum,
696 2425 789 2488 quum
817 2404 878 2466 illis
900 2405 931 2465 in
954 2404 1130 2484 regionibus
1153 2404 1224 2466 inde
1249 2407 1287 2467 ab

181 2509 378 2587 occupatione
415 2509 531 2570 aeolica
568 2511 618 2588 (ef.
639 2515 797 2572 comment.
825 2511 920 2570 nostr.
949 2528 1001 2588 pg.
1025 2507 1087 2584 58.)
1124 2508 1289 2571 dialectum

179 2611 325 2706 aeolicum
352 2611 494 2690 viguisse
525 2616 653 2674 constet.
706 2613 811 2684 Quare
848 2632 889 2672 ne
916 2611 1127 2672 Baumeistero
1167 2612 1290 2692 quidem

179 2715 321 2776 assentiri
335 2735 462 2795 possum
484 2716 631 2796 putanti⁶
653 2736 714 2778 non
734 2720 875 2779 constare
892 2715 1039 2777 Troianos
1062 2714 1168 2776 idaeos
1183 2716 1291 2796 lingua

178 2815 296 2879 Graeca
307 2839 376 2880 esse
389 2839 470 2881 usos.
516 2821 587 2891 Qua
605 2821 637 2881 in
657 2841 691 2882 re
709 2821 761 2881 ille
780 2819 971 2881 obliviscitur
984 2838 1124 2881 nummos
1142 2819 1291 2901 quosdam

178 2919 303 3001 Scepsis
340 2925 372 2984 et
400 2921 514 3004 Gergis
550 2925 670 2985 urbium
701 2923 952 3003 inscriptionibus
986 2923 1152 3004 impressos
1189 2924 1288 2985 adhuc

178 3028 303 3086 exstare
324 3047 404 3088 -e
433 3029 544 3109 quibus
572 3031 637 3090 tres
657 3029 850 3110 Klausenius
873 3028 1099 3108 typographum
1122 3027 1289 3106 depingere

177 3128 268 3188 iussit
299 3130 331 3190 in
361 3132 466 3192 tabula
498 3131 623 3212 prima⁷
641 3133 718 3194 libro
747 3151 802 3194 suo
822 3132 948 3192 laudato
971 3130 1072 3192 affixa.
1117 3131 1160 3192 Et
1179 3131 1287 3193 confir-

177 3234 279 3292 matur
310 3233 358 3294 his
384 3237 515 3298 nummis
545 3237 585 3313 id,
614 3237 804 3318 quodmodo
828 3236 982 3312 contendi,
1017 3236 1072 3297 illa
1101 3235 1133 3297 in
1161 3236 1287 3316 regione

177 3335 316 3398 homines
345 3337 475 3400 dialecto
507 3341 624 3408 aeolica
652 3360 726 3402 usos
749 3361 836 3415 esse,
866 3341 938 3422 quia
962 3340 1077 3402 nummi
1099 3339 1288 3422 antiquiores

177 3441 305 3502 formam
335 3442 505 3504 aeolieam⁸
533 3441 752 3507 ΣΚΑΨΙΩΝ
774 3447 931 3526 praebent.
975 3445 1061 3524 Ergo
1082 3448 1189 3505 contra
1206 3443 1287 3505 Bau-

246 3707 273 3777 1)
290 3707 420 3762 Klauaen.
437 3708 456 3763 l.
468 3709 488 3762 l.
501 3709 516 3763 Ι
528 3727 573 3780 pg.
587 3713 638 3766 197
650 3729 717 3782 sqq3
737 3713 823 3784 Engel
841 3713 949 3783 Kypros
966 3713 995 3767 Π
1004 3729 1049 3783 pg.
1063 3712 1115 3768 321
1126 3729 1184 3783 sqq.

246 3793 274 3862 2)
291 3794 355 3849 hist.
373 3795 429 3849 litt.
450 3812 537 3865 graec.
550 3796 565 3849 Ι
577 3815 621 3867 pg.
636 3798 694 3854 133.

248 3879 275 3948 3)
293 3880 322 3933 in
340 3879 474 3938 animadv.
494 3881 528 3936 ad
546 3883 636 3953 hymn.
654 3885 724 3942 hom.
744 3903 789 3956 pg.
803 3887 916 3942 66-75.

211 3965 227 4032 s}
246 3966 274 4034 4)
292 3966 354 4021 hist.
374 3968 429 4022 litt.
448 3984 537 4038 graec.
557 3970 607 4034 ΠΒ,
621 3972 693 4040 lpg.
707 3972 767 4026 233.

248 4052 275 4120 5)
293 4051 322 4105 iu
341 4058 481 4110 comment.
501 4056 535 4110 ad
553 4057 625 4124 hym.
644 4073 671 4110 n.
694 4074 739 4126 pg.
752 4058 812 4112 251.

247 4137 274 4206 6)
293 4139 312 4192 l.
324 4138 344 4191 1.
358 4157 403 4210 pg.
417 4143 476 4199 251.

248 4226 274 4294 7)
293 4241 364 4280 uum.
383 4228 407 4282 9.
424 4231 465 4284 10.
485 4230 525 4284 11.

248 4311 275 4380 8)
294 4311 328 4365 cf.
341 4312 464 4368 Mionnet
475 4313 504 4370 Π
516 4333 580 4387 pgg.
594 4320 654 4376 688.
668 4317 728 4376 247.
743 4317 793 4372 249
811 4345 847 4358 -·
865 4333 943 4386 quem
955 4315 1222 4372 laudatKlausenins
1235 4316 1253 4370 l.
1266 4316 1284 4369 1.

176 4396 190 4450 I
207 4413 252 4467 pg.
262 4400 305 4453 47.
