<?xml version="1.0" encoding="UTF-8"?>
<!DOCTYPE html PUBLIC "-//W3C//DTD XHTML 1.0 Transitional//EN"
    "http://www.w3.org/TR/xhtml1/DTD/xhtml1-transitional.dtd">
<html xmlns="http://www.w3.org/1999/xhtml" xml:lang="en" lang="en">
 <head>
  <title>
</title>
<meta http-equiv="Content-Type" content="text/html;charset=utf-8" />
  <meta name='ocr-system' content='tesseract 3.04.00' />
  <meta name='ocr-capabilities' content='ocr_page ocr_carea ocr_par ocr_line ocrx_word'/>
</head>
<body>
  <div class='ocr_page' id='page_1' title='image "./prolegomenaadhy01thiegoog_0075.png"; bbox 0 0 3082 4936; ppageno 0'>
   <div class='ocr_carea' id='block_1_1' title="bbox 735 321 952 382">
    <p class='ocr_par' dir='ltr' id='par_1_1' title="bbox 735 321 952 382">
     <span class='ocr_line' id='line_1_1' title="bbox 735 321 952 382; baseline 0.005 -17"><span class='ocrx_word' id='word_1_1' title='bbox 735 321 952 382; x_wconf 42' lang='grc'><strong>..666-</strong></span> 
     </span>
    </p>
   </div>
   <div class='ocr_carea' id='block_1_2' title="bbox 291 494 1406 2860">
    <p class='ocr_par' dir='ltr' id='par_1_2' title="bbox 291 494 1406 2338">
     <span class='ocr_line' id='line_1_2' title="bbox 293 494 1403 574; baseline -0.004 -16"><span class='ocrx_word' id='word_1_2' title='bbox 293 518 378 574; x_wconf 88' lang='lat' dir='ltr'>mus,</span> <span class='ocrx_word' id='word_1_3' title='bbox 418 495 574 559; x_wconf 78' lang='lat' dir='ltr'><strong>Anchisen</strong></span> <span class='ocrx_word' id='word_1_4' title='bbox 603 515 622 556; x_wconf 90' lang='lat' dir='ltr'>a</span> <span class='ocrx_word' id='word_1_5' title='bbox 649 494 772 556; x_wconf 82' lang='lat' dir='ltr'>Venere</span> <span class='ocrx_word' id='word_1_6' title='bbox 795 496 926 574; x_wconf 90' lang='lat' dir='ltr'>petitum</span> <span class='ocrx_word' id='word_1_7' title='bbox 953 496 1056 556; x_wconf 83' lang='lat' dir='ltr'>aetate</span> <span class='ocrx_word' id='word_1_8' title='bbox 1089 496 1270 574; x_wconf 87' lang='lat' dir='ltr'>provectum</span> <span class='ocrx_word' id='word_1_9' title='bbox 1295 495 1403 568; x_wconf 86' lang='lat' dir='ltr'>fuisse,</span> 
     </span>
     <span class='ocr_line' id='line_1_3' title="bbox 295 599 1405 682; baseline -0.002 -20"><span class='ocrx_word' id='word_1_10' title='bbox 295 603 366 682; x_wconf 88' lang='lat' dir='ltr'>quia</span> <span class='ocrx_word' id='word_1_11' title='bbox 380 600 474 663; x_wconf 88' lang='lat' dir='ltr'>filiam</span> <span class='ocrx_word' id='word_1_12' title='bbox 496 600 645 662; x_wconf 89' lang='lat' dir='ltr'>Alcathoo</span> <span class='ocrx_word' id='word_1_13' title='bbox 663 601 725 660; x_wconf 91' lang='lat' dir='ltr'>iam</span> <span class='ocrx_word' id='word_1_14' title='bbox 743 600 776 659; x_wconf 90' lang='lat' dir='ltr'>in</span> <span class='ocrx_word' id='word_1_15' title='bbox 790 599 1030 660; x_wconf 86' lang='lat' dir='ltr'>matrimonium¹</span> <span class='ocrx_word' id='word_1_16' title='bbox 1052 599 1197 674; x_wconf 87' lang='lat' dir='ltr'>dedisset,</span> <span class='ocrx_word' id='word_1_17' title='bbox 1213 599 1295 679; x_wconf 85' lang='lat' dir='ltr'>apud</span> <span class='ocrx_word' id='word_1_18' title='bbox 1309 619 1405 680; x_wconf 91' lang='lat' dir='ltr'>quam</span> 
     </span>
     <span class='ocr_line' id='line_1_4' title="bbox 294 701 1404 784; baseline -0.004 -18"><span class='ocrx_word' id='word_1_19' title='bbox 294 705 432 766; x_wconf 80' lang='lat' dir='ltr'><strong>Aeneam</strong></span> <span class='ocrx_word' id='word_1_20' title='bbox 455 706 617 766; x_wconf 90' lang='lat' dir='ltr'>educatum</span> <span class='ocrx_word' id='word_1_21' title='bbox 643 723 712 764; x_wconf 86' lang='lat' dir='ltr'>esse</span> <span class='ocrx_word' id='word_1_22' title='bbox 739 702 891 763; x_wconf 82' lang='lat' dir='ltr'><strong>Homerus</strong></span> <span class='ocrx_word' id='word_1_23' title='bbox 920 705 1026 762; x_wconf 87' lang='lat' dir='ltr'>narrat</span> <span class='ocrx_word' id='word_1_24' title='bbox 1037 701 1057 761; x_wconf 74' lang='lat'>2.</span> <span class='ocrx_word' id='word_1_25' title='bbox 1101 701 1210 784; x_wconf 83' lang='lat' dir='ltr'>Neque</span> <span class='ocrx_word' id='word_1_26' title='bbox 1235 702 1404 763; x_wconf 85' lang='lat' dir='ltr'>Acusilaus</span> 
     </span>
     <span class='ocr_line' id='line_1_5' title="bbox 293 798 1405 889; baseline -0.003 -19"><span class='ocrx_word' id='word_1_27' title='bbox 293 810 372 870; x_wconf 88' lang='lat' dir='ltr'>hanc</span> <span class='ocrx_word' id='word_1_28' title='bbox 408 829 474 870; x_wconf 88' lang='lat' dir='ltr'>rem</span> <span class='ocrx_word' id='word_1_29' title='bbox 511 810 649 888; x_wconf 86' lang='lat' dir='ltr'>ignorat,</span> <span class='ocrx_word' id='word_1_30' title='bbox 690 827 784 888; x_wconf 89' lang='lat' dir='ltr'>quum</span> <span class='ocrx_word' id='word_1_31' title='bbox 824 807 914 883; x_wconf 86' lang='lat' dir='ltr'>dicit,</span> <span class='ocrx_word' id='word_1_32' title='bbox 961 805 1114 867; x_wconf 83' lang='lat' dir='ltr'>Venerem</span> <span class='ocrx_word' id='word_1_33' title='bbox 1149 805 1305 867; x_wconf 76' lang='lat' dir='ltr'>Anchisae</span> <span class='ocrx_word' id='word_1_34' title='bbox 1343 798 1405 889; x_wconf 75' lang='grc' dir='ltr'>ἤδη</span> 
     </span>
     <span class='ocr_line' id='line_1_6' title="bbox 293 903 1405 996; baseline -0.003 -23"><span class='ocrx_word' id='word_1_35' title='bbox 293 903 522 996; x_wconf 74' lang='grc' dir='ltr'><em>παρηκμακὰιι</em></span> <span class='ocrx_word' id='word_1_36' title='bbox 551 931 620 974; x_wconf 83' lang='grc'><strong>6666</strong></span> <span class='ocrx_word' id='word_1_37' title='bbox 648 911 778 971; x_wconf 87' lang='lat' dir='ltr'>dedisse.</span> <span class='ocrx_word' id='word_1_38' title='bbox 824 909 924 978; x_wconf 78' lang='lat' dir='ltr'>Quam</span> <span class='ocrx_word' id='word_1_39' title='bbox 951 909 1082 970; x_wconf 86' lang='lat' dir='ltr'>Veneris</span> <span class='ocrx_word' id='word_1_40' title='bbox 1111 908 1312 989; x_wconf 70' lang='lat' dir='ltr'>cupiditatem</span> <span class='ocrx_word' id='word_1_41' title='bbox 1340 929 1405 970; x_wconf 90' lang='lat' dir='ltr'>nou</span> 
     </span>
     <span class='ocr_line' id='line_1_7' title="bbox 293 1014 1405 1096; baseline -0.004 -18"><span class='ocrx_word' id='word_1_42' title='bbox 293 1017 469 1096; x_wconf 86' lang='lat' dir='ltr'>intelligere</span> <span class='ocrx_word' id='word_1_43' title='bbox 483 1035 657 1096; x_wconf 88' lang='lat' dir='ltr'>possumus,</span> <span class='ocrx_word' id='word_1_44' title='bbox 681 1015 741 1076; x_wconf 84' lang='lat' dir='ltr'>nisi</span> <span class='ocrx_word' id='word_1_45' title='bbox 755 1015 855 1075; x_wconf 89' lang='lat' dir='ltr'>animo</span> <span class='ocrx_word' id='word_1_46' title='bbox 870 1018 1010 1074; x_wconf 85' lang='lat' dir='ltr'>tenemus</span> <span class='ocrx_word' id='word_1_47' title='bbox 1026 1031 1071 1088; x_wconf 87' lang='lat' dir='ltr'>ea,</span> <span class='ocrx_word' id='word_1_48' title='bbox 1092 1031 1172 1094; x_wconf 88' lang='lat' dir='ltr'>quae</span> <span class='ocrx_word' id='word_1_49' title='bbox 1186 1014 1293 1093; x_wconf 91' lang='lat' dir='ltr'>populi</span> <span class='ocrx_word' id='word_1_50' title='bbox 1305 1014 1405 1074; x_wconf 88' lang='lat' dir='ltr'>Asiae</span> 
     </span>
     <span class='ocr_line' id='line_1_8' title="bbox 293 1116 1406 1199; baseline -0.004 -19"><span class='ocrx_word' id='word_1_51' title='bbox 293 1120 417 1180; x_wconf 89' lang='lat' dir='ltr'>minoris</span> <span class='ocrx_word' id='word_1_52' title='bbox 440 1120 478 1180; x_wconf 89' lang='lat' dir='ltr'>de</span> <span class='ocrx_word' id='word_1_53' title='bbox 503 1121 639 1199; x_wconf 82' lang='lat' dir='ltr'>ipsorum</span> <span class='ocrx_word' id='word_1_54' title='bbox 661 1119 833 1199; x_wconf 81' lang='lat' dir='ltr'>principum</span> <span class='ocrx_word' id='word_1_55' title='bbox 854 1117 971 1194; x_wconf 88' lang='lat' dir='ltr'>origine</span> <span class='ocrx_word' id='word_1_56' title='bbox 994 1116 1205 1177; x_wconf 86' lang='lat' dir='ltr'>iudicaverint.</span> <span class='ocrx_word' id='word_1_57' title='bbox 1248 1116 1292 1177; x_wconf 90' lang='lat' dir='ltr'>At</span> <span class='ocrx_word' id='word_1_58' title='bbox 1313 1136 1353 1177; x_wconf 91' lang='lat' dir='ltr'>ne</span> <span class='ocrx_word' id='word_1_59' title='bbox 1375 1117 1406 1178; x_wconf 86' lang='lat' dir='ltr'>is</span> 
     </span>
     <span class='ocr_line' id='line_1_9' title="bbox 293 1219 1406 1304; baseline -0.002 -20"><span class='ocrx_word' id='word_1_60' title='bbox 293 1224 423 1304; x_wconf 88' lang='lat' dir='ltr'>quidem,</span> <span class='ocrx_word' id='word_1_61' title='bbox 434 1224 499 1304; x_wconf 86' lang='lat' dir='ltr'>·qui</span> <span class='ocrx_word' id='word_1_62' title='bbox 513 1224 660 1304; x_wconf 82' lang='lat' dir='ltr'>hymnum</span> <span class='ocrx_word' id='word_1_63' title='bbox 682 1221 860 1301; x_wconf 88' lang='lat' dir='ltr'>composuit,</span> <span class='ocrx_word' id='word_1_64' title='bbox 885 1221 970 1280; x_wconf 90' lang='lat' dir='ltr'>illam</span> <span class='ocrx_word' id='word_1_65' title='bbox 985 1219 1114 1280; x_wconf 87' lang='lat' dir='ltr'>Veneris</span> <span class='ocrx_word' id='word_1_66' title='bbox 1130 1220 1304 1301; x_wconf 84' lang='lat' dir='ltr'>cupidinem</span> <span class='ocrx_word' id='word_1_67' title='bbox 1318 1225 1406 1282; x_wconf 87' lang='lat' dir='ltr'>recte</span> 
     </span>
     <span class='ocr_line' id='line_1_10' title="bbox 292 1324 1405 1408; baseline -0.002 -21"><span class='ocrx_word' id='word_1_68' title='bbox 292 1327 459 1403; x_wconf 76' lang='lat' dir='ltr'>intellexit,</span> <span class='ocrx_word' id='word_1_69' title='bbox 486 1328 559 1408; x_wconf 92' lang='lat' dir='ltr'>quia</span> <span class='ocrx_word' id='word_1_70' title='bbox 585 1326 692 1388; x_wconf 86' lang='lat' dir='ltr'>Iovem</span> <span class='ocrx_word' id='word_1_71' title='bbox 716 1327 818 1405; x_wconf 87' lang='lat' dir='ltr'>ipsum</span> <span class='ocrx_word' id='word_1_72' title='bbox 843 1324 920 1384; x_wconf 88' lang='lat' dir='ltr'>deae</span> <span class='ocrx_word' id='word_1_73' title='bbox 954 1324 1039 1384; x_wconf 88' lang='lat' dir='ltr'>cordi</span> <span class='ocrx_word' id='word_1_74' title='bbox 1070 1342 1204 1385; x_wconf 88' lang='lat' dir='ltr'>amorem</span> <span class='ocrx_word' id='word_1_75' title='bbox 1233 1325 1405 1386; x_wconf 88' lang='lat' dir='ltr'>instillasse</span> 
     </span>
     <span class='ocr_line' id='line_1_11' title="bbox 291 1428 1404 1512; baseline -0.003 -19"><span class='ocrx_word' id='word_1_76' title='bbox 291 1430 390 1506; x_wconf 77' lang='lat' dir='ltr'>rult³‚</span> <span class='ocrx_word' id='word_1_77' title='bbox 410 1450 592 1512; x_wconf 88' lang='lat' dir='ltr'>quamquam</span> <span class='ocrx_word' id='word_1_78' title='bbox 614 1430 721 1491; x_wconf 88' lang='lat' dir='ltr'>Iovem</span> <span class='ocrx_word' id='word_1_79' title='bbox 743 1428 919 1509; x_wconf 87' lang='lat' dir='ltr'>ceteroquin</span> <span class='ocrx_word' id='word_1_80' title='bbox 948 1447 998 1487; x_wconf 89' lang='lat' dir='ltr'>res</span> <span class='ocrx_word' id='word_1_81' title='bbox 1020 1429 1183 1489; x_wconf 88' lang='lat' dir='ltr'>amatorias</span> <span class='ocrx_word' id='word_1_82' title='bbox 1206 1429 1274 1489; x_wconf 88' lang='lat' dir='ltr'>aliis</span> <span class='ocrx_word' id='word_1_83' title='bbox 1298 1430 1404 1490; x_wconf 86' lang='lat' dir='ltr'>obtru-</span> 
     </span>
     <span class='ocr_line' id='line_1_12' title="bbox 293 1532 1405 1616; baseline -0.004 -20"><span class='ocrx_word' id='word_1_84' title='bbox 293 1537 370 1597; x_wconf 86' lang='lat' dir='ltr'>sisse</span> <span class='ocrx_word' id='word_1_85' title='bbox 403 1535 485 1616; x_wconf 91' lang='lat' dir='ltr'>apud</span> <span class='ocrx_word' id='word_1_86' title='bbox 506 1532 694 1596; x_wconf 81' lang='lat' dir='ltr'>Graecorum</span> <span class='ocrx_word' id='word_1_87' title='bbox 724 1533 888 1611; x_wconf 82' lang='lat' dir='ltr'>scriptores</span> <span class='ocrx_word' id='word_1_88' title='bbox 918 1532 1034 1594; x_wconf 86' lang='lat' dir='ltr'>frustra</span> <span class='ocrx_word' id='word_1_89' title='bbox 1063 1532 1193 1612; x_wconf 86' lang='lat' dir='ltr'>quaeris.</span> <span class='ocrx_word' id='word_1_90' title='bbox 1247 1533 1353 1603; x_wconf 79' lang='lat' dir='ltr'>Quare</span> <span class='ocrx_word' id='word_1_91' title='bbox 1377 1535 1405 1593; x_wconf 88' lang='lat' dir='ltr'>si</span> 
     </span>
     <span class='ocr_line' id='line_1_13' title="bbox 293 1635 1404 1710; baseline -0.005 -10"><span class='ocrx_word' id='word_1_92' title='bbox 293 1640 427 1701; x_wconf 87' lang='lat' dir='ltr'>fabulam</span> <span class='ocrx_word' id='word_1_93' title='bbox 454 1643 590 1698; x_wconf 84' lang='lat' dir='ltr'>nostram</span> <span class='ocrx_word' id='word_1_94' title='bbox 611 1636 811 1698; x_wconf 78' lang='lat' dir='ltr'>Troianorum</span> <span class='ocrx_word' id='word_1_95' title='bbox 833 1655 903 1696; x_wconf 85' lang='lat' dir='ltr'>esse</span> <span class='ocrx_word' id='word_1_96' title='bbox 925 1638 1080 1710; x_wconf 86' lang='lat' dir='ltr'>tenemus,</span> <span class='ocrx_word' id='word_1_97' title='bbox 1110 1635 1182 1696; x_wconf 91' lang='lat' dir='ltr'>illae</span> <span class='ocrx_word' id='word_1_98' title='bbox 1204 1635 1404 1697; x_wconf 87' lang='lat' dir='ltr'>difficultates</span> 
     </span>
     <span class='ocr_line' id='line_1_14' title="bbox 294 1738 1405 1820; baseline -0.002 -18"><span class='ocrx_word' id='word_1_99' title='bbox 294 1746 326 1802; x_wconf 88' lang='lat' dir='ltr'>et</span> <span class='ocrx_word' id='word_1_100' title='bbox 348 1742 386 1802; x_wconf 90' lang='lat' dir='ltr'>de</span> <span class='ocrx_word' id='word_1_101' title='bbox 409 1741 541 1802; x_wconf 84' lang='lat' dir='ltr'>Veneris</span> <span class='ocrx_word' id='word_1_102' title='bbox 561 1740 705 1815; x_wconf 89' lang='lat' dir='ltr'>moribus,</span> <span class='ocrx_word' id='word_1_103' title='bbox 726 1758 804 1820; x_wconf 93' lang='lat' dir='ltr'>quae</span> <span class='ocrx_word' id='word_1_104' title='bbox 826 1739 878 1799; x_wconf 86' lang='lat' dir='ltr'>val</span> <span class='ocrx_word' id='word_1_105' title='bbox 900 1739 1033 1800; x_wconf 82' lang='lat' dir='ltr'>maxima</span> <span class='ocrx_word' id='word_1_106' title='bbox 1054 1739 1120 1813; x_wconf 83' lang='lat' dir='ltr'>fuit,</span> <span class='ocrx_word' id='word_1_107' title='bbox 1141 1741 1174 1798; x_wconf 88' lang='lat' dir='ltr'>et</span> <span class='ocrx_word' id='word_1_108' title='bbox 1196 1738 1329 1800; x_wconf 86' lang='lat' dir='ltr'>deleve</span> <span class='ocrx_word' id='word_1_109' title='bbox 1352 1759 1405 1800; x_wconf 87' lang='lat' dir='ltr'>res</span> 
     </span>
     <span class='ocr_line' id='line_1_15' title="bbox 294 1839 1406 1906; baseline -0.001 -2"><span class='ocrx_word' id='word_1_110' title='bbox 294 1845 457 1906; x_wconf 87' lang='lat' dir='ltr'>amatorias</span> <span class='ocrx_word' id='word_1_111' title='bbox 480 1846 607 1905; x_wconf 88' lang='lat' dir='ltr'>curante</span> <span class='ocrx_word' id='word_1_112' title='bbox 629 1843 764 1904; x_wconf 88' lang='lat' dir='ltr'>emedio</span> <span class='ocrx_word' id='word_1_113' title='bbox 788 1842 927 1903; x_wconf 87' lang='lat' dir='ltr'>sublatae</span> <span class='ocrx_word' id='word_1_114' title='bbox 950 1845 1029 1902; x_wconf 91' lang='lat' dir='ltr'>sunt.</span> <span class='ocrx_word' id='word_1_115' title='bbox 1072 1839 1120 1902; x_wconf 90' lang='lat' dir='ltr'>Ac</span> <span class='ocrx_word' id='word_1_116' title='bbox 1134 1842 1264 1902; x_wconf 87' lang='lat' dir='ltr'>multum</span> <span class='ocrx_word' id='word_1_117' title='bbox 1286 1843 1406 1904; x_wconf 87' lang='lat' dir='ltr'>confert</span> 
     </span>
     <span class='ocr_line' id='line_1_16' title="bbox 296 1945 1404 2028; baseline -0.004 -18"><span class='ocrx_word' id='word_1_118' title='bbox 296 1950 336 2010; x_wconf 93' lang='lat' dir='ltr'>ad</span> <span class='ocrx_word' id='word_1_119' title='bbox 359 1950 509 2028; x_wconf 83' lang='lat' dir='ltr'>originem</span> <span class='ocrx_word' id='word_1_120' title='bbox 537 1947 659 2008; x_wconf 89' lang='lat' dir='ltr'>fabulae</span> <span class='ocrx_word' id='word_1_121' title='bbox 688 1951 813 2018; x_wconf 89' lang='lat' dir='ltr'>nostrae</span> <span class='ocrx_word' id='word_1_122' title='bbox 835 1947 960 2007; x_wconf 88' lang='lat' dir='ltr'>troicam</span> <span class='ocrx_word' id='word_1_123' title='bbox 990 1945 1195 2026; x_wconf 87' lang='lat' dir='ltr'>phrygiamve</span> <span class='ocrx_word' id='word_1_124' title='bbox 1224 1945 1404 2006; x_wconf 90' lang='lat' dir='ltr'>confirman-</span> 
     </span>
     <span class='ocr_line' id='line_1_17' title="bbox 296 2035 1405 2132; baseline -0.005 -19"><span class='ocrx_word' id='word_1_125' title='bbox 296 2054 374 2127; x_wconf 89' lang='lat' dir='ltr'>dam,</span> <span class='ocrx_word' id='word_1_126' title='bbox 398 2052 478 2132; x_wconf 90' lang='lat' dir='ltr'>quod</span> <span class='ocrx_word' id='word_1_127' title='bbox 499 2049 576 2112; x_wconf 87' lang='lat' dir='ltr'>Otfr.</span> <span class='ocrx_word' id='word_1_128' title='bbox 598 2035 793 2111; x_wconf 75' lang='lat' dir='ltr'>Muellerus4</span> <span class='ocrx_word' id='word_1_129' title='bbox 815 2049 959 2125; x_wconf 77' lang='lat' dir='ltr'>adnotat,</span> <span class='ocrx_word' id='word_1_130' title='bbox 982 2068 1075 2129; x_wconf 90' lang='lat' dir='ltr'>quum</span> <span class='ocrx_word' id='word_1_131' title='bbox 1096 2047 1184 2125; x_wconf 90' lang='lat' dir='ltr'>dicit,</span> <span class='ocrx_word' id='word_1_132' title='bbox 1217 2048 1248 2108; x_wconf 94' lang='lat' dir='ltr'>in</span> <span class='ocrx_word' id='word_1_133' title='bbox 1269 2051 1405 2132; x_wconf 90' lang='lat' dir='ltr'>antiquis</span> 
     </span>
     <span class='ocr_line' id='line_1_18' title="bbox 294 2150 1404 2236; baseline -0.002 -20"><span class='ocrx_word' id='word_1_134' title='bbox 294 2157 344 2217; x_wconf 87' lang='lat' dir='ltr'>vel</span> <span class='ocrx_word' id='word_1_135' title='bbox 369 2156 497 2236; x_wconf 89' lang='lat' dir='ltr'>picturis</span> <span class='ocrx_word' id='word_1_136' title='bbox 520 2155 571 2216; x_wconf 86' lang='lat' dir='ltr'>vel</span> <span class='ocrx_word' id='word_1_137' title='bbox 593 2155 703 2214; x_wconf 89' lang='lat' dir='ltr'>statuis</span> <span class='ocrx_word' id='word_1_138' title='bbox 727 2153 881 2214; x_wconf 83' lang='lat' dir='ltr'>Anchisen</span> <span class='ocrx_word' id='word_1_139' title='bbox 904 2155 935 2213; x_wconf 92' lang='lat' dir='ltr'>et</span> <span class='ocrx_word' id='word_1_140' title='bbox 956 2150 1094 2212; x_wconf 81' lang='lat' dir='ltr'>Aeneam</span> <span class='ocrx_word' id='word_1_141' title='bbox 1116 2152 1198 2213; x_wconf 87' lang='lat' dir='ltr'>solos</span> <span class='ocrx_word' id='word_1_142' title='bbox 1226 2153 1404 2214; x_wconf 70' lang='grc'><strong>16161116-</strong></span> 
     </span>
     <span class='ocr_line' id='line_1_19' title="bbox 293 2257 939 2338; baseline -0.003 -18"><span class='ocrx_word' id='word_1_143' title='bbox 293 2261 380 2320; x_wconf 84' lang='lat' dir='ltr'>ianos</span> <span class='ocrx_word' id='word_1_144' title='bbox 402 2269 491 2320; x_wconf 86' lang='lat' dir='ltr'>veste</span> <span class='ocrx_word' id='word_1_145' title='bbox 506 2259 640 2338; x_wconf 83' lang='lat' dir='ltr'>phrygia</span> <span class='ocrx_word' id='word_1_146' title='bbox 654 2258 777 2318; x_wconf 89' lang='lat' dir='ltr'>indutos</span> <span class='ocrx_word' id='word_1_147' title='bbox 800 2257 939 2318; x_wconf 88' lang='lat' dir='ltr'>inveniri.</span> 
     </span>
    </p>

    <p class='ocr_par' dir='ltr' id='par_1_3' title="bbox 293 2361 1404 2860">
     <span class='ocr_line' id='line_1_20' title="bbox 383 2361 1403 2442; baseline 0 -18"><span class='ocrx_word' id='word_1_148' title='bbox 383 2361 444 2424; x_wconf 82' lang='lat' dir='ltr'>Sed</span> <span class='ocrx_word' id='word_1_149' title='bbox 453 2365 541 2442; x_wconf 90' lang='lat' dir='ltr'>putet</span> <span class='ocrx_word' id='word_1_150' title='bbox 553 2364 685 2424; x_wconf 83' lang='lat' dir='ltr'>fortasse</span> <span class='ocrx_word' id='word_1_151' title='bbox 695 2363 845 2442; x_wconf 88' lang='lat' dir='ltr'>quispiam</span> <span class='ocrx_word' id='word_1_152' title='bbox 855 2381 903 2422; x_wconf 91' lang='lat' dir='ltr'>me</span> <span class='ocrx_word' id='word_1_153' title='bbox 922 2362 954 2421; x_wconf 91' lang='lat' dir='ltr'>in</span> <span class='ocrx_word' id='word_1_154' title='bbox 964 2381 1115 2422; x_wconf 89' lang='lat' dir='ltr'>summum</span> <span class='ocrx_word' id='word_1_155' title='bbox 1132 2380 1267 2423; x_wconf 87' lang='lat' dir='ltr'>errorem</span> <span class='ocrx_word' id='word_1_156' title='bbox 1277 2383 1347 2425; x_wconf 87' lang='lat' dir='ltr'>csse</span> <span class='ocrx_word' id='word_1_157' title='bbox 1357 2364 1403 2424; x_wconf 90' lang='lat' dir='ltr'>in·</span> 
     </span>
     <span class='ocr_line' id='line_1_21' title="bbox 295 2464 1404 2547; baseline 0.003 -20"><span class='ocrx_word' id='word_1_158' title='bbox 295 2468 428 2542; x_wconf 90' lang='lat' dir='ltr'>ductum,</span> <span class='ocrx_word' id='word_1_159' title='bbox 437 2467 739 2547; x_wconf 81' lang='lat' dir='ltr'>quodignoraverim,</span> <span class='ocrx_word' id='word_1_160' title='bbox 747 2464 1256 2545; x_wconf 63' lang='grc' dir='ltr'><strong>11611116111161111666,111Τ1613111116</strong></span> <span class='ocrx_word' id='word_1_161' title='bbox 1264 2467 1404 2530; x_wconf 88' lang='lat' dir='ltr'>funditus</span> 
     </span>
     <span class='ocr_line' id='line_1_22' title="bbox 294 2569 1403 2654; baseline 0.002 -23"><span class='ocrx_word' id='word_1_162' title='bbox 294 2591 404 2633; x_wconf 82' lang='lat' dir='ltr'>eversa</span> <span class='ocrx_word' id='word_1_163' title='bbox 415 2569 615 2630; x_wconf 80' lang='lat' dir='ltr'>Troianorum</span> <span class='ocrx_word' id='word_1_164' title='bbox 627 2570 749 2631; x_wconf 81' lang='lat' dir='ltr'>fabulae</span> <span class='ocrx_word' id='word_1_165' title='bbox 766 2574 964 2629; x_wconf 83' lang='lat' dir='ltr'>servarentur</span> <span class='ocrx_word' id='word_1_166' title='bbox 981 2589 1078 2651; x_wconf 86' lang='lat' dir='ltr'>usque</span> <span class='ocrx_word' id='word_1_167' title='bbox 1094 2571 1179 2630; x_wconf 89' lang='lat' dir='ltr'>adid</span> <span class='ocrx_word' id='word_1_168' title='bbox 1196 2575 1403 2654; x_wconf 73' lang='lat' dir='ltr'>tempusque</span> 
     </span>
     <span class='ocr_line' id='line_1_23' title="bbox 293 2673 1403 2756; baseline 0.003 -22"><span class='ocrx_word' id='word_1_169' title='bbox 293 2676 426 2754; x_wconf 80' lang='lat' dir='ltr'>hymnus</span> <span class='ocrx_word' id='word_1_170' title='bbox 438 2678 542 2734; x_wconf 87' lang='lat' dir='ltr'>noster</span> <span class='ocrx_word' id='word_1_171' title='bbox 553 2678 602 2735; x_wconf 87' lang='lat' dir='ltr'>est</span> <span class='ocrx_word' id='word_1_172' title='bbox 613 2674 807 2754; x_wconf 87' lang='lat' dir='ltr'>compositus,</span> <span class='ocrx_word' id='word_1_173' title='bbox 818 2673 850 2733; x_wconf 90' lang='lat' dir='ltr'>id</span> <span class='ocrx_word' id='word_1_174' title='bbox 860 2674 909 2732; x_wconf 90' lang='lat' dir='ltr'>est</span> <span class='ocrx_word' id='word_1_175' title='bbox 920 2707 963 2717; x_wconf 93' lang='lat'><strong>—</strong></span> <span class='ocrx_word' id='word_1_176' title='bbox 974 2674 1115 2754; x_wconf 89' lang='lat' dir='ltr'>quisnam</span> <span class='ocrx_word' id='word_1_177' title='bbox 1125 2675 1266 2736; x_wconf 86' lang='lat' dir='ltr'>dubitare</span> <span class='ocrx_word' id='word_1_178' title='bbox 1277 2679 1403 2756; x_wconf 83' lang='lat' dir='ltr'>potest?</span> 
     </span>
     <span class='ocr_line' id='line_1_24' title="bbox 294 2774 1404 2860; baseline 0.004 -23"><span class='ocrx_word' id='word_1_179' title='bbox 294 2812 338 2821; x_wconf 91' lang='lat'><em>-</em></span> <span class='ocrx_word' id='word_1_180' title='bbox 352 2778 506 2839; x_wconf 86' lang='lat' dir='ltr'>nonnullis</span> <span class='ocrx_word' id='word_1_181' title='bbox 527 2778 658 2838; x_wconf 88' lang='lat' dir='ltr'>saeculis</span> <span class='ocrx_word' id='word_1_182' title='bbox 681 2780 759 2856; x_wconf 89' lang='lat' dir='ltr'>post.</span> <span class='ocrx_word' id='word_1_183' title='bbox 805 2774 910 2845; x_wconf 77' lang='lat' dir='ltr'>Quare</span> <span class='ocrx_word' id='word_1_184' title='bbox 930 2777 1036 2857; x_wconf 92' lang='lat' dir='ltr'>populi</span> <span class='ocrx_word' id='word_1_185' title='bbox 1057 2778 1145 2838; x_wconf 92' lang='lat' dir='ltr'>troici</span> <span class='ocrx_word' id='word_1_186' title='bbox 1163 2779 1311 2860; x_wconf 88' lang='lat' dir='ltr'>reliquiae</span> <span class='ocrx_word' id='word_1_187' title='bbox 1332 2785 1404 2860; x_wconf 86' lang='lat' dir='ltr'>post</span> 
     </span>
    </p>
   </div>
   <div class='ocr_carea' id='block_1_3' title="bbox 295 2881 1516 2962">
    <p class='ocr_par' dir='ltr' id='par_1_4' title="bbox 295 2881 1516 2962">
     <span class='ocr_line' id='line_1_25' title="bbox 295 2881 1516 2962; baseline 0.003 -19"><span class='ocrx_word' id='word_1_188' title='bbox 295 2881 417 2943; x_wconf 79' lang='lat' dir='ltr'>Troiam</span> <span class='ocrx_word' id='word_1_189' title='bbox 438 2882 572 2943; x_wconf 89' lang='lat' dir='ltr'>dirutam</span> <span class='ocrx_word' id='word_1_190' title='bbox 588 2881 660 2962; x_wconf 87' lang='lat' dir='ltr'>quid</span> <span class='ocrx_word' id='word_1_191' title='bbox 675 2883 759 2961; x_wconf 87' lang='lat' dir='ltr'>passi</span> <span class='ocrx_word' id='word_1_192' title='bbox 775 2882 844 2957; x_wconf 86' lang='lat' dir='ltr'>sint,</span> <span class='ocrx_word' id='word_1_193' title='bbox 867 2882 974 2961; x_wconf 92' lang='lat' dir='ltr'>paucis</span> <span class='ocrx_word' id='word_1_194' title='bbox 997 2901 1078 2943; x_wconf 90' lang='lat' dir='ltr'>nunc</span> <span class='ocrx_word' id='word_1_195' title='bbox 1093 2882 1316 2946; x_wconf 86' lang='lat' dir='ltr'>demonstrabo.</span> <span class='ocrx_word' id='word_1_196' title='bbox 1359 2885 1402 2947; x_wconf 88' lang='lat' dir='ltr'>At</span> <span class='ocrx_word' id='word_1_197' title='bbox 1515 2935 1516 2940; x_wconf 31' lang='lat'>1</span> 
     </span>
    </p>
   </div>
   <div class='ocr_carea' id='block_1_4' title="bbox 292 2984 1402 3171">
    <p class='ocr_par' dir='ltr' id='par_1_5' title="bbox 292 2984 1402 3171">
     <span class='ocr_line' id='line_1_26' title="bbox 293 2984 1402 3069; baseline 0.005 -24"><span class='ocrx_word' id='word_1_198' title='bbox 293 2985 325 3045; x_wconf 92' lang='lat' dir='ltr'>in</span> <span class='ocrx_word' id='word_1_199' title='bbox 339 2986 386 3046; x_wconf 87' lang='lat' dir='ltr'>his</span> <span class='ocrx_word' id='word_1_200' title='bbox 402 2987 494 3046; x_wconf 86' lang='lat' dir='ltr'>rebus</span> <span class='ocrx_word' id='word_1_201' title='bbox 510 2985 689 3045; x_wconf 89' lang='lat' dir='ltr'>enarrandis</span> <span class='ocrx_word' id='word_1_202' title='bbox 704 2986 743 3045; x_wconf 90' lang='lat' dir='ltr'>de</span> <span class='ocrx_word' id='word_1_203' title='bbox 763 2985 801 3045; x_wconf 91' lang='lat' dir='ltr'>iis</span> <span class='ocrx_word' id='word_1_204' title='bbox 817 2984 1015 3046; x_wconf 89' lang='lat' dir='ltr'>Troianorum</span> <span class='ocrx_word' id='word_1_205' title='bbox 1031 2987 1178 3066; x_wconf 86' lang='lat' dir='ltr'>partibus,</span> <span class='ocrx_word' id='word_1_206' title='bbox 1201 3007 1280 3069; x_wconf 92' lang='lat' dir='ltr'>quae</span> <span class='ocrx_word' id='word_1_207' title='bbox 1295 2989 1402 3050; x_wconf 87' lang='lat' dir='ltr'>Asiam</span> 
     </span>
     <span class='ocr_line' id='line_1_27' title="bbox 292 3089 1402 3171; baseline 0.005 -21"><span class='ocrx_word' id='word_1_208' title='bbox 292 3089 482 3171; x_wconf 87' lang='lat' dir='ltr'>reliquerunt</span> <span class='ocrx_word' id='word_1_209' title='bbox 503 3108 539 3150; x_wconf 88' lang='lat' dir='ltr'>ac</span> <span class='ocrx_word' id='word_1_210' title='bbox 554 3090 696 3171; x_wconf 88' lang='lat' dir='ltr'>quopiam</span> <span class='ocrx_word' id='word_1_211' title='bbox 716 3108 749 3148; x_wconf 88' lang='grc'>66</span> <span class='ocrx_word' id='word_1_212' title='bbox 765 3090 968 3165; x_wconf 86' lang='lat' dir='ltr'>contulerunt,</span> <span class='ocrx_word' id='word_1_213' title='bbox 990 3090 1110 3151; x_wconf 87' lang='lat' dir='ltr'>omnino</span> <span class='ocrx_word' id='word_1_214' title='bbox 1133 3111 1194 3151; x_wconf 92' lang='grc'><strong>11611</strong></span> <span class='ocrx_word' id='word_1_215' title='bbox 1215 3093 1323 3169; x_wconf 81' lang='lat' dir='ltr'>dicem,</span> <span class='ocrx_word' id='word_1_216' title='bbox 1347 3095 1402 3154; x_wconf 90' lang='lat' dir='ltr'>sed</span> 
     </span>
    </p>
   </div>
   <div class='ocr_carea' id='block_1_5' title="bbox 294 3192 1515 3274">
    <p class='ocr_par' dir='ltr' id='par_1_6' title="bbox 294 3192 1515 3274">
     <span class='ocr_line' id='line_1_28' title="bbox 294 3192 1515 3274; baseline 0.004 -20"><span class='ocrx_word' id='word_1_217' title='bbox 294 3194 332 3254; x_wconf 91' lang='lat' dir='ltr'>de</span> <span class='ocrx_word' id='word_1_218' title='bbox 355 3195 408 3268; x_wconf 88' lang='grc'><strong>116,</strong></span> <span class='ocrx_word' id='word_1_219' title='bbox 431 3194 563 3274; x_wconf 91' lang='lat' dir='ltr'>quaein</span> <span class='ocrx_word' id='word_1_220' title='bbox 588 3192 662 3252; x_wconf 90' lang='lat' dir='ltr'>Asia</span> <span class='ocrx_word' id='word_1_221' title='bbox 683 3194 799 3253; x_wconf 88' lang='lat' dir='ltr'>minore</span> <span class='ocrx_word' id='word_1_222' title='bbox 821 3198 1042 3254; x_wconf 86' lang='lat' dir='ltr'>remanserunt.</span> <span class='ocrx_word' id='word_1_223' title='bbox 1087 3194 1190 3264; x_wconf 72' lang='lat' dir='ltr'>Quum</span> <span class='ocrx_word' id='word_1_224' title='bbox 1211 3217 1285 3258; x_wconf 84' lang='lat' dir='ltr'>vcro</span> <span class='ocrx_word' id='word_1_225' title='bbox 1306 3197 1400 3258; x_wconf 89' lang='lat' dir='ltr'>Klau-</span> <span class='ocrx_word' id='word_1_226' title='bbox 1514 3223 1515 3230; x_wconf 50' lang='lat'>¹</span> 
     </span>
    </p>
   </div>
   <div class='ocr_carea' id='block_1_6' title="bbox 294 3295 1402 3484">
    <p class='ocr_par' dir='ltr' id='par_1_7' title="bbox 294 3295 1402 3484">
     <span class='ocr_line' id='line_1_29' title="bbox 295 3295 1400 3386; baseline 0.005 -28"><span class='ocrx_word' id='word_1_227' title='bbox 295 3297 399 3358; x_wconf 84' lang='lat' dir='ltr'>senius</span> <span class='ocrx_word' id='word_1_228' title='bbox 423 3297 461 3357; x_wconf 89' lang='lat' dir='ltr'>de</span> <span class='ocrx_word' id='word_1_229' title='bbox 483 3297 593 3386; x_wconf 75' lang='lat' dir='ltr'>haere</span> <span class='ocrx_word' id='word_1_230' title='bbox 614 3295 714 3357; x_wconf 82' lang='lat' dir='ltr'>fusius</span> <span class='ocrx_word' id='word_1_231' title='bbox 735 3316 770 3358; x_wconf 86' lang='lat' dir='ltr'>cc</span> <span class='ocrx_word' id='word_1_232' title='bbox 791 3299 869 3358; x_wconf 87' lang='lat' dir='ltr'>bena</span> <span class='ocrx_word' id='word_1_233' title='bbox 891 3298 1094 3376; x_wconf 87' lang='lat' dir='ltr'>disputaverit</span> <span class='ocrx_word' id='word_1_234' title='bbox 1106 3297 1127 3374; x_wconf 82' lang='lat'>⁵,</span> <span class='ocrx_word' id='word_1_235' title='bbox 1151 3301 1226 3361; x_wconf 89' lang='lat' dir='ltr'>satis</span> <span class='ocrx_word' id='word_1_236' title='bbox 1242 3302 1338 3362; x_wconf 90' lang='lat' dir='ltr'>habeo</span> <span class='ocrx_word' id='word_1_237' title='bbox 1354 3321 1400 3378; x_wconf 91' lang='lat' dir='ltr'>ea,</span> 
     </span>
     <span class='ocr_line' id='line_1_30' title="bbox 294 3401 1402 3484; baseline 0.005 -23"><span class='ocrx_word' id='word_1_238' title='bbox 294 3420 374 3483; x_wconf 88' lang='lat' dir='ltr'>quae</span> <span class='ocrx_word' id='word_1_239' title='bbox 394 3401 446 3461; x_wconf 90' lang='lat' dir='ltr'>ille</span> <span class='ocrx_word' id='word_1_240' title='bbox 466 3401 584 3476; x_wconf 86' lang='lat' dir='ltr'>docuit,</span> <span class='ocrx_word' id='word_1_241' title='bbox 611 3401 686 3462; x_wconf 89' lang='lat' dir='ltr'>locis</span> <span class='ocrx_word' id='word_1_242' title='bbox 707 3402 847 3461; x_wconf 84' lang='lat' dir='ltr'>veterum</span> <span class='ocrx_word' id='word_1_243' title='bbox 870 3401 1053 3481; x_wconf 89' lang='lat' dir='ltr'>scriptorum</span> <span class='ocrx_word' id='word_1_244' title='bbox 1074 3403 1229 3465; x_wconf 82' lang='lat' dir='ltr'>illustrata</span> <span class='ocrx_word' id='word_1_245' title='bbox 1256 3406 1402 3484; x_wconf 83' lang='lat' dir='ltr'>proferre.</span> 
     </span>
    </p>
   </div>
   <div class='ocr_carea' id='block_1_7' title="bbox 382 3501 1514 3598">
    <p class='ocr_par' dir='ltr' id='par_1_8' title="bbox 382 3501 1514 3598">
     <span class='ocr_line' id='line_1_31' title="bbox 382 3501 1514 3598; baseline 0.005 -33"><span class='ocrx_word' id='word_1_246' title='bbox 382 3501 492 3565; x_wconf 82' lang='lat' dir='ltr'>Gentis</span> <span class='ocrx_word' id='word_1_247' title='bbox 528 3505 694 3565; x_wconf 88' lang='lat' dir='ltr'>dardaniae</span> <span class='ocrx_word' id='word_1_248' title='bbox 729 3502 858 3565; x_wconf 81' lang='grc'>661116116</span> <span class='ocrx_word' id='word_1_249' title='bbox 892 3507 963 3584; x_wconf 89' lang='lat' dir='ltr'>post</span> <span class='ocrx_word' id='word_1_250' title='bbox 994 3504 1115 3567; x_wconf 90' lang='lat' dir='ltr'>Troiam</span> <span class='ocrx_word' id='word_1_251' title='bbox 1147 3527 1288 3569; x_wconf 88' lang='lat' dir='ltr'>eversam</span> <span class='ocrx_word' id='word_1_252' title='bbox 1318 3510 1402 3589; x_wconf 89' lang='lat' dir='ltr'>apud</span> <span class='ocrx_word' id='word_1_253' title='bbox 1513 3579 1514 3598; x_wconf 13' lang='grc' dir='ltr'>χ</span> 
     </span>
    </p>
   </div>
   <div class='ocr_carea' id='block_1_8' title="bbox 293 3607 1400 3695">
    <p class='ocr_par' dir='ltr' id='par_1_9' title="bbox 293 3607 1400 3695">
     <span class='ocr_line' id='line_1_32' title="bbox 293 3607 1400 3695; baseline 0.007 -28"><span class='ocrx_word' id='word_1_254' title='bbox 293 3609 416 3668; x_wconf 85' lang='lat' dir='ltr'>veteres</span> <span class='ocrx_word' id='word_1_255' title='bbox 426 3607 592 3687; x_wconf 86' lang='lat' dir='ltr'>scriptores</span> <span class='ocrx_word' id='word_1_256' title='bbox 605 3628 823 3689; x_wconf 90' lang='lat' dir='ltr'>saepenumero</span> <span class='ocrx_word' id='word_1_257' title='bbox 834 3609 866 3669; x_wconf 90' lang='lat' dir='ltr'>in</span> <span class='ocrx_word' id='word_1_258' title='bbox 873 3607 952 3670; x_wconf 85' lang='lat' dir='ltr'>Asia</span> <span class='ocrx_word' id='word_1_259' title='bbox 962 3613 1221 3688; x_wconf 86' lang='lat' dir='ltr'>commemoratur,</span> <span class='ocrx_word' id='word_1_260' title='bbox 1238 3613 1400 3695; x_wconf 88' lang='lat' dir='ltr'>dequibus</span> 
     </span>
    </p>
   </div>
   <div class='ocr_carea' id='block_1_9' title="bbox 290 3756 1401 4521">
    <p class='ocr_par' dir='ltr' id='par_1_10' title="bbox 339 3756 684 4000">
     <span class='ocr_line' id='line_1_33' title="bbox 363 3756 594 3825; baseline 0 -13"><span class='ocrx_word' id='word_1_261' title='bbox 363 3756 390 3825; x_wconf 89' lang='lat'>1)</span> <span class='ocrx_word' id='word_1_262' title='bbox 407 3757 486 3811; x_wconf 89' lang='lat' dir='ltr'>Iliad.</span> <span class='ocrx_word' id='word_1_263' title='bbox 499 3760 594 3823; x_wconf 71' lang='grc'><strong>16428.</strong></span> 
     </span>
     <span class='ocr_line' id='line_1_34' title="bbox 363 3843 684 3910; baseline 0.006 -13"><span class='ocrx_word' id='word_1_264' title='bbox 363 3844 390 3910; x_wconf 84' lang='grc'>2)</span> <span class='ocrx_word' id='word_1_265' title='bbox 408 3843 684 3909; x_wconf 77' lang='grc' dir='ltr'><strong>Π1111.ν,465-466.</strong></span> 
     </span>
     <span class='ocr_line' id='line_1_35' title="bbox 339 3928 583 4000; baseline 0.004 -17"><span class='ocrx_word' id='word_1_266' title='bbox 339 3946 342 3954; x_wconf 90' lang='grc'><em>·</em></span> <span class='ocrx_word' id='word_1_267' title='bbox 361 3932 389 3997; x_wconf 88' lang='lat'>3)</span> <span class='ocrx_word' id='word_1_268' title='bbox 406 3928 432 3983; x_wconf 92' lang='lat' dir='ltr'>h.</span> <span class='ocrx_word' id='word_1_269' title='bbox 441 3947 466 3984; x_wconf 83' lang='lat' dir='ltr'>v.</span> <span class='ocrx_word' id='word_1_270' title='bbox 479 3933 514 3986; x_wconf 84' lang='lat'>45</span> <span class='ocrx_word' id='word_1_271' title='bbox 524 3946 583 4000; x_wconf 83' lang='lat' dir='ltr'>sqq.</span> 
     </span>
    </p>

    <p class='ocr_par' dir='ltr' id='par_1_11' title="bbox 362 4016 952 4086">
     <span class='ocr_line' id='line_1_36' title="bbox 362 4016 952 4086; baseline 0.008 -16"><span class='ocrx_word' id='word_1_272' title='bbox 362 4017 390 4084; x_wconf 87' lang='grc'>4)</span> <span class='ocrx_word' id='word_1_273' title='bbox 410 4016 586 4086; x_wconf 84' lang='lat' dir='ltr'>Archaeolog.</span> <span class='ocrx_word' id='word_1_274' title='bbox 602 4016 629 4072; x_wconf 86' lang='lat' dir='ltr'>d.</span> <span class='ocrx_word' id='word_1_275' title='bbox 644 4016 835 4084; x_wconf 64' lang='lat' dir='ltr'>Kunst5A15.</span> <span class='ocrx_word' id='word_1_276' title='bbox 851 4036 875 4075; x_wconf 91' lang='lat' dir='ltr'>c.</span> <span class='ocrx_word' id='word_1_277' title='bbox 891 4019 952 4075; x_wconf 85' lang='lat' dir='ltr'>adn.</span> 
     </span>
    </p>

    <p class='ocr_par' dir='ltr' id='par_1_12' title="bbox 362 4101 790 4174">
     <span class='ocr_line' id='line_1_37' title="bbox 362 4101 790 4174; baseline 0.012 -18"><span class='ocrx_word' id='word_1_278' title='bbox 362 4104 389 4168; x_wconf 85' lang='lat'>5)</span> <span class='ocrx_word' id='word_1_279' title='bbox 408 4103 428 4155; x_wconf 94' lang='lat' dir='ltr'>l.</span> <span class='ocrx_word' id='word_1_280' title='bbox 438 4101 458 4156; x_wconf 91' lang='grc'>1.</span> <span class='ocrx_word' id='word_1_281' title='bbox 475 4103 498 4167; x_wconf 91' lang='grc' dir='ltr'>Ι,</span> <span class='ocrx_word' id='word_1_282' title='bbox 506 4120 552 4173; x_wconf 86' lang='lat' dir='ltr'>pg.</span> <span class='ocrx_word' id='word_1_283' title='bbox 562 4105 666 4160; x_wconf 71' lang='grc'><strong>41-49</strong></span> <span class='ocrx_word' id='word_1_284' title='bbox 676 4105 790 4174; x_wconf 84' lang='lat' dir='ltr'>saepius.</span> 
     </span>
    </p>

    <p class='ocr_par' dir='ltr' id='par_1_13' title="bbox 290 4187 1401 4521">
     <span class='ocr_line' id='line_1_38' title="bbox 363 4187 1401 4259; baseline 0.013 -19"><span class='ocrx_word' id='word_1_285' title='bbox 363 4188 389 4257; x_wconf 86' lang='lat'>6)</span> <span class='ocrx_word' id='word_1_286' title='bbox 409 4189 441 4242; x_wconf 89' lang='grc' dir='ltr'>Κ.</span> <span class='ocrx_word' id='word_1_287' title='bbox 461 4187 492 4242; x_wconf 91' lang='lat'>0.</span> <span class='ocrx_word' id='word_1_288' title='bbox 511 4190 622 4254; x_wconf 74' lang='lat' dir='ltr'>Miller,</span> <span class='ocrx_word' id='word_1_289' title='bbox 648 4190 822 4259; x_wconf 82' lang='lat' dir='ltr'>Explicantur</span> <span class='ocrx_word' id='word_1_290' title='bbox 845 4207 941 4246; x_wconf 88' lang='lat' dir='ltr'>causae</span> <span class='ocrx_word' id='word_1_291' title='bbox 964 4190 1072 4246; x_wconf 88' lang='lat' dir='ltr'>fabulae</span> <span class='ocrx_word' id='word_1_292' title='bbox 1099 4194 1131 4248; x_wconf 90' lang='lat' dir='ltr'>de</span> <span class='ocrx_word' id='word_1_293' title='bbox 1148 4197 1253 4251; x_wconf 86' lang='lat' dir='ltr'>Aeneae</span> <span class='ocrx_word' id='word_1_294' title='bbox 1269 4197 1297 4250; x_wconf 92' lang='lat' dir='ltr'>in</span> <span class='ocrx_word' id='word_1_295' title='bbox 1314 4197 1401 4252; x_wconf 87' lang='lat' dir='ltr'>Italia</span> 
     </span>
     <span class='ocr_line' id='line_1_39' title="bbox 292 4269 1397 4356; baseline 0.012 -30"><span class='ocrx_word' id='word_1_296' title='bbox 292 4269 409 4327; x_wconf 85' lang='lat' dir='ltr'>adventu</span> <span class='ocrx_word' id='word_1_297' title='bbox 427 4305 461 4312; x_wconf 97' lang='lat'>—</span> <span class='ocrx_word' id='word_1_298' title='bbox 489 4275 621 4331; x_wconf 81' lang='lat' dir='ltr'>Classical</span> <span class='ocrx_word' id='word_1_299' title='bbox 638 4277 748 4331; x_wconf 86' lang='lat' dir='ltr'>Iourncl</span> <span class='ocrx_word' id='word_1_300' title='bbox 763 4278 814 4332; x_wconf 88' lang='lat' dir='ltr'>vol.</span> <span class='ocrx_word' id='word_1_301' title='bbox 833 4277 921 4331; x_wconf 89' lang='lat' dir='ltr'>XXVI</span> <span class='ocrx_word' id='word_1_302' title='bbox 941 4293 985 4346; x_wconf 82' lang='lat' dir='ltr'>pg.</span> <span class='ocrx_word' id='word_1_303' title='bbox 1006 4279 1072 4348; x_wconf 88' lang='grc'>308;</span> <span class='ocrx_word' id='word_1_304' title='bbox 1095 4280 1186 4336; x_wconf 89' lang='lat' dir='ltr'>Idem</span> <span class='ocrx_word' id='word_1_305' title='bbox 1204 4282 1300 4338; x_wconf 90' lang='lat' dir='ltr'>Dorier</span> <span class='ocrx_word' id='word_1_306' title='bbox 1316 4284 1331 4338; x_wconf 94' lang='grc' dir='ltr'><strong>Ι</strong></span> <span class='ocrx_word' id='word_1_307' title='bbox 1350 4301 1397 4356; x_wconf 84' lang='lat' dir='ltr'>pg.</span> 
     </span>
     <span class='ocr_line' id='line_1_40' title="bbox 290 4358 1398 4436; baseline 0.012 -24"><span class='ocrx_word' id='word_1_308' title='bbox 290 4358 358 4423; x_wconf 82' lang='lat'>220;</span> <span class='ocrx_word' id='word_1_309' title='bbox 375 4360 501 4415; x_wconf 78' lang='lat' dir='ltr'>Dunclrer</span> <span class='ocrx_word' id='word_1_310' title='bbox 513 4362 672 4417; x_wconf 85' lang='lat' dir='ltr'>Geschiohtc</span> <span class='ocrx_word' id='word_1_311' title='bbox 690 4363 737 4417; x_wconf 88' lang='lat' dir='ltr'>des</span> <span class='ocrx_word' id='word_1_312' title='bbox 747 4363 918 4418; x_wconf 89' lang='lat' dir='ltr'>Altcrthums</span> <span class='ocrx_word' id='word_1_313' title='bbox 932 4363 975 4418; x_wconf 87' lang='lat'>111</span> <span class='ocrx_word' id='word_1_314' title='bbox 987 4381 1034 4434; x_wconf 86' lang='lat' dir='ltr'>pg.</span> <span class='ocrx_word' id='word_1_315' title='bbox 1048 4367 1098 4420; x_wconf 83' lang='lat'>150</span> <span class='ocrx_word' id='word_1_316' title='bbox 1111 4383 1172 4436; x_wconf 76' lang='lat' dir='ltr'>sqq3</span> <span class='ocrx_word' id='word_1_317' title='bbox 1192 4370 1318 4424; x_wconf 86' lang='lat' dir='ltr'>Mannort</span> <span class='ocrx_word' id='word_1_318' title='bbox 1328 4370 1398 4425; x_wconf 84' lang='lat' dir='ltr'>Geo-</span> 
     </span>
     <span class='ocr_line' id='line_1_41' title="bbox 291 4445 1167 4521; baseline 0.008 -23"><span class='ocrx_word' id='word_1_319' title='bbox 291 4445 403 4514; x_wconf 83' lang='lat' dir='ltr'>graphic</span> <span class='ocrx_word' id='word_1_320' title='bbox 422 4445 470 4501; x_wconf 90' lang='lat' dir='ltr'>der</span> <span class='ocrx_word' id='word_1_321' title='bbox 488 4445 619 4503; x_wconf 86' lang='lat' dir='ltr'>Gricchen</span> <span class='ocrx_word' id='word_1_322' title='bbox 637 4448 693 4502; x_wconf 89' lang='lat' dir='ltr'>und</span> <span class='ocrx_word' id='word_1_323' title='bbox 710 4449 808 4504; x_wconf 70' lang='lat' dir='ltr'>Romen</span> <span class='ocrx_word' id='word_1_324' title='bbox 820 4449 867 4518; x_wconf 81' lang='lat' dir='ltr'>VI,</span> <span class='ocrx_word' id='word_1_325' title='bbox 880 4453 904 4506; x_wconf 89' lang='lat'>3.</span> <span class='ocrx_word' id='word_1_326' title='bbox 917 4468 981 4521; x_wconf 83' lang='lat' dir='ltr'>pgg.</span> <span class='ocrx_word' id='word_1_327' title='bbox 994 4453 1047 4508; x_wconf 86' lang='lat'>458</span> <span class='ocrx_word' id='word_1_328' title='bbox 1063 4455 1091 4507; x_wconf 86' lang='lat' dir='ltr'>et</span> <span class='ocrx_word' id='word_1_329' title='bbox 1108 4455 1167 4508; x_wconf 78' lang='lat'><strong>520.</strong></span> 
     </span>
    </p>
   </div>
   <div class='ocr_carea' id='block_1_10' title="bbox 0 0 1546 4936">
    <p class='ocr_par' dir='ltr' id='par_1_14' title="bbox 0 0 1546 4936">
     <span class='ocr_line' id='line_1_42' title="bbox 0 0 1546 4936; baseline 0 0"><span class='ocrx_word' id='word_1_330' title='bbox 0 0 1546 4936; x_wconf 95' lang='lat' dir='ltr'> </span> 
     </span>
    </p>
   </div>
  </div>
 </body>
</html>
