3082 4936
592 117 806 172 ...33.,.

127 307 271 370 editione
294 304 422 367 Homeri
444 303 541 364 altera
564 302 777 382 (Bonn1858)
795 302 981 380 digammum
1003 317 1043 358 ex
1057 298 1104 358 tot
1119 294 1248 357 saeculis
1301 289 1302 294 ’

129 413 248 473 iterum
262 410 381 472 litteris
399 408 594 472 demandavit
606 408 626 485 ¹,
649 409 680 470 id
695 407 863 488 periculum
877 423 1004 484 prorsus
1021 400 1135 480 effugit,
1159 420 1251 481 quum

133 517 255 598 stirpes
287 517 352 576 fere
382 513 539 592 octoginta
564 513 715 594 digammo
746 511 879 572 instruit.
924 506 1052 572 Oautius
1083 523 1117 565 ac
1141 503 1250 563 melius
1339 557 1342 564 r

136 619 201 702 (ἃς.
230 620 359 686 Curtius
390 613 523 696 (Griech.
551 613 781 696 Schulgram.§
805 618 846 678 34
860 608 903 697 D)
931 609 1084 674 iudicavit.
1128 607 1252 669 Eenim

139 725 279 786 carmina
298 722 460 797 homerica,
483 740 561 802 quae
583 740 653 782 esse
669 739 762 801 opera
776 720 940 781 multorum
954 718 1113 798 poetarum
1126 713 1253 794 longum

141 850 201 910 per
234 834 356 910 tempus
388 845 449 887 non
473 827 587 906 scripta
610 826 664 888 sed
684 845 740 906 per
762 843 816 886 ora
838 825 958 884 tantum
980 828 1011 882 et
1033 819 1254 900 rhapscdorum

143 937 176 995 et
198 934 307 1014 populi
327 931 490 1010 divulgata
512 948 547 992 ac
568 929 827 992 traditaWolfius
850 931 882 989 et
896 927 1110 988 Lachmannus
1132 925 1254 1006 optimis

144 1039 318 1100 docuerunt
348 1035 552 1116 argumentis,
583 1034 728 1096 videntur
756 1053 814 1095 usa
837 1052 907 1094 esse
934 1031 1056 1111 lingua,
1090 1033 1256 1112 quactum

144 1161 210 1204 non
245 1144 313 1202 erat
332 1140 452 1221 populi,
486 1139 541 1199 sed
570 1158 647 1219 quae
678 1159 771 1220 quum
792 1157 832 1199 ex
854 1135 949 1216 epicis
972 1134 1155 1196 carminibus
1178 1134 1255 1194 anti·
1296 1191 1298 1196 ,
1377 1151 1387 1174 ·

149 1243 326 1328 quissimis²
346 1248 377 1306 et
399 1244 520 1325 optimis
543 1243 683 1325 (quorum
705 1244 812 1306 ultima
835 1261 869 1302 ac
884 1241 1108 1323 perfectissima
1124 1239 1257 1300 carmina

151 1349 278 1411 Homeri
298 1349 442 1411 videntur
463 1348 546 1424 esse)
568 1352 689 1429 sumpta
704 1351 768 1410 tum
784 1367 802 1409 a
816 1348 915 1430 poetis
936 1348 1026 1429 (quos
1040 1365 1097 1406 nos
1111 1362 1256 1404 vocamus

153 1454 334 1533 rhapsodos)
362 1453 395 1514 in
424 1472 529 1513 eorum
556 1454 756 1515 conventibus
784 1471 818 1514 ac
838 1452 1034 1514 concentibus
1057 1451 1106 1510 est
1128 1447 1199 1509 ficta
1223 1465 1258 1508 ac

152 1559 291 1634 formata,
315 1567 350 1618 ut
373 1557 412 1617 ad
434 1555 608 1617 fabularum
628 1556 811 1619 traditarum
833 1561 1015 1638 argumenta
1037 1557 1109 1635 apta
1123 1555 1208 1614 esset
1224 1570 1258 1613 ac

156 1661 320 1723 sufficeret.
364 1659 416 1722 Sic
436 1662 575 1743 equidem
597 1664 671 1743 puto
698 1665 796 1724 ortam
816 1682 885 1724 esse
907 1663 1087 1736 dictionem,
1109 1658 1208 1740 qualis
1229 1658 1260 1717 in

153 1767 339 1827 carminibus
368 1766 529 1828 homericis
556 1787 636 1828 nunc
659 1770 771 1829 exstat.
814 1767 954 1849 Namque
974 1767 1079 1846 lingua
1098 1762 1259 1836 homerica,

154 1889 338 1953 quamquam
360 1871 468 1932 Ionum
489 1871 633 1962 Chiorum
654 1871 769 1952 lingua,
792 1893 871 1956 quae
893 1893 934 1934 ex
954 1869 1104 1933 Herodoti
1126 1868 1192 1928 loco
1215 1869 1259 1929 in-

152 1975 236 2056 clyto
267 1973 304 2054 (1,
331 1976 405 2053 142)
434 1973 539 2038 Ioniae
569 1976 693 2038 dialecti
723 1981 790 2039 erat
821 1979 955 2058 species,
987 1977 1184 2038 fundamento
1206 1993 1262 2034 usa

152 2093 217 2156 est,
241 2085 345 2141 tamen
363 2082 408 2141 tot
429 2080 522 2142 habet
543 2059 706 2157 iocabula,
730 2085 804 2162 quot
826 2101 980 2165 nunquam
1002 2080 1152 2144 dialectus
1171 2081 1261 2141 unius
1364 2075 1366 2088 '

154 2185 306 2264 regionis,
344 2186 456 2247 nedum
485 2185 576 2246 unius
606 2189 716 2267 poetae
745 2189 901 2249 continere
924 2189 1035 2267 potest.
1080 2184 1161 2246 Viva
1184 2186 1264 2246 enim

157 2289 263 2369 lingua
284 2291 323 2351 ad
343 2310 407 2350 rem
424 2309 574 2372 quamque
596 2290 826 2352 describendam
845 2313 905 2356 nou
928 2296 974 2354 tot
994 2293 1074 2354 idem
1091 2289 1263 2370 significan-

157 2394 240 2455 tibus
255 2394 427 2458 „vocabulis
458 2396 570 2470 utitur,
604 2395 658 2455 sed
687 2416 762 2457 usus
792 2399 913 2479 quidam
941 2398 1045 2460 firmus
1069 2413 1105 2474 eq
1127 2395 1264 2456 delectus

160 2501 324 2560 verborum
347 2501 449 2561 certus
469 2498 501 2558 in
530 2517 567 2559 ea
587 2500 740 2562 adhibitus
752 2503 938 2582 deprehendi
951 2504 1062 2584 potest.
1100 2499 1146 2560 Eo
1163 2502 1266 2560 autem

160 2605 296 2684 tempore
313 2624 371 2686 quo
387 2603 521 2664 carmina
534 2603 687 2667 homerica
700 2607 821 2668 condita
833 2609 913 2682 sunt,
929 2609 1020 2666 vetus
1030 2605 1139 2685 lingua
1155 2623 1266 2666 evane-

164 2729 249 2770 scere
273 2710 372 2789 coepit
395 2727 430 2770 ac
453 2727 551 2769 novae
573 2709 633 2770 iam
654 2711 823 2790 viguerunt
845 2711 968 2776 formae.
988 2710 1031 2771 At
1053 2717 1176 2770 veteres
1196 2709 1267 2771 illae

163 2812 277 2874 formae
298 2832 447 2875 unacum
469 2814 659 2893 argumentis
682 2815 843 2894 rhapsodis
864 2817 936 2878 sunt
951 2814 1092 2891 traditae,
1116 2813 1268 2896 aquibus,

165 2937 258 3000 quum
272 2918 331 2998 ipsi
344 2919 375 2980 in
391 2939 530 2980 sermone
546 2918 721 3001 quotidiano
736 2920 825 2979 novis
841 2920 1003 2980 uterentur
1018 2918 1131 2994 formis,
1154 2919 1268 2979 formae

162 3026 287 3083 veteres
316 3042 351 3084 ac
380 3043 478 3084 novae
501 3023 624 3104 saepius
646 3022 926 3085 confundebantur³
947 3041 982 3084 ac
1004 3023 1175 3103 promiscue
1198 3024 1270 3083 sunt

161 3127 323 3190 admissae.
344 3131 448 3201 Quare
465 3149 535 3190 esse
547 3149 808 3210 supervacaneum
818 3129 949 3204 videtur,
966 3147 1004 3190 ne
1016 3128 1115 3190 dicam
1125 3128 1269 3208 ineptum,

162 3263 415 3272 ”sm

235 3327 260 3394 1)
277 3327 309 3380 In
321 3327 431 3382 Homeri
450 3325 614 3382 carminibus
631 3325 796 3396 digammum
814 3343 959 3398 numquam
979 3343 1035 3382 esse
1054 3327 1183 3396 scriptum
1201 3329 1272 3382 recte

164 3412 303 3467 contendit
329 3412 437 3468 Giesius
466 3413 540 3468 hisce
563 3413 653 3468 verbis
677 3413 768 3480 (Giese
784 3413 873 3470 Ueber
899 3416 924 3469 d.
943 3414 1102 3472 Aeolischen
1124 3414 1272 3472 Dialecta.

165 3501 235 3556 1837
254 3501 383 3569 pg.160):
420 3501 506 3566 ,Dass
522 3499 598 3570 jener
616 3499 771 3556 Consonant
788 3503 817 3556 in
836 3502 943 3570 einigen
962 3503 1139 3572 Exemplaren
1156 3502 1271 3557 homeri-

166 3586 243 3641 scher
261 3585 391 3642 Gedichte
409 3586 439 3656 je
462 3585 686 3656 geschrieben
703 3587 824 3652 worden,
854 3588 893 3642 ist
910 3587 1040 3643 durchaus
1058 3589 1273 3644 unwahrschein·

165 3673 229 3738 lich‚
249 3674 319 3728 denn
337 3673 366 3728 in
385 3673 485 3728 diesem
502 3674 579 3730 Falla
598 3673 706 3728 wdrden
724 3674 782 3729 sich
799 3674 897 3744 gewiss
916 3675 1035 3730 einzelne
1052 3675 1155 3746 Spuren
1172 3675 1215 3730 bis
1227 3691 1275 3728 zur

168 3759 229 3814 Zeit
245 3759 292 3814 der
309 3758 566 3816 Alexandrinischen
585 3759 782 3815 Grammatiker
800 3760 921 3816 erhalten
940 3761 1044 3816 haben.‘

241 3847 268 3914 2)
286 3847 358 3912 Quas
369 3864 433 3902 usas
445 3865 503 3904 esse
516 3848 630 3904 dialecto
644 3847 745 3902 aeolica
754 3847 860 3904 Giesius
877 3846 975 3918 (Ueber
986 3848 1011 3902 d.
1026 3849 1150 3903 aeolisch.
1162 3849 1275 3905 Dialect.

169 3949 193 3987 a.
205 3933 273 3988 1837
283 3949 328 4004 pg.
341 3935 392 3988 180
400 3935 431 4004 f.)
442 3936 592 4004 suspicatus
605 3937 657 3989 est.
687 3933 765 3990 Unde
784 3935 884 3990 formas
903 3935 1018 3990 aeolicae
1035 3952 1084 3990 nec
1095 3951 1148 3990 non
1160 3935 1277 4005 vestigia

171 4020 302 4089 digammi
319 4021 348 4074 in
366 4022 527 4077 carminibus
545 4022 687 4079 homericis
707 4038 764 4076 esse
783 4023 940 4094 explicanda
957 4023 1004 4077 ille
1022 4026 1108 4093 putat.

240 4109 268 4178 3)
288 4108 394 4164 Similia
417 4109 470 4164 iam
498 4111 611 4179 protulit
635 4109 743 4166 Giesius
761 4110 791 4165 in
812 4110 977 4168 celeberrimi
993 4109 1026 4166 de
1044 4109 1158 4166 dialecto
1178 4109 1278 4166 aeolica

170 4193 236 4250 libri
252 4210 319 4266 pgg.
338 4195 389 4250 174
398 4211 437 4266 sq.

216 4301 333 4353 Thiele,
353 4303 526 4352 prolegomena.
617 4283 620 4292 ¹
1084 4293 1102 4350 3
