3082 4936
571 323 786 381 ..37-

109 511 251 587 tientur,
283 511 328 572 sic
357 502 475 592 ἐέλδωρ
505 527 544 569 ex
568 501 704 588 εΤέλδωρ
725 525 743 566 a
765 507 868 568 radice
889 503 967 573 rao
986 508 1035 586 (of.
1058 507 1118 590 Gg.
1135 510 1232 574 Curtii

109 614 312 696 Grundniige
334 633 386 696 pg.
403 611 488 690 502).

202 719 267 796 ΙΠ)
292 718 398 781 Tertio
421 718 488 779 loco
512 717 560 778 est
583 714 752 792 dicendum,
772 715 959 796 digammum
982 717 1101 779 ostendi
1124 717 1229 779 formis

114 824 260 886 eiusdem
290 822 410 904 stirpis,
439 840 518 905 quae
547 820 579 882 in
601 819 732 881 dialecto
753 817 941 882 Graecorum
962 820 1064 904 aliqua
1086 821 1230 901 digammi

114 929 287 1009 vestigium
311 926 500 990 servarunt1.
535 924 579 987 Et
600 924 658 985 hac
680 924 802 1006 quidem
817 945 850 985 re
866 924 971 986 decem
986 925 1108 986 illarum
1121 945 1230 988 vocum

116 1033 153 1094 iu
184 1034 294 1114 hymno
320 1034 426 1094 nostro
446 1031 600 1110 digammo
624 1028 773 1090 utentium
796 1029 909 1110 stirpes
931 1029 1134 1092 illustrantur.
1179 1029 1230 1092 Sic

119 1136 218 1218 stirps
240 1137 325 1199 vocis
347 1128 438 1219 ἔργον
462 1134 566 1196 formis
591 1133 688 1194 eleide
709 1123 827 1214 fdoyov
850 1137 882 1195 et
903 1134 1039 1196 laconica
1054 1127 1230 1218 γά-βεργος,

118 1242 216 1323 stirps
231 1235 289 1304 dide
304 1241 408 1302 formis
421 1239 555 1301 lesbiaoa
568 1231 668 1304 rdosa
685 1256 720 1300 ac
730 1237 833 1300 dorica
847 1228 1007 1319 γάὸεσθαι
1024 1231 1229 1326 <Ajacem-

116 1346 151 1407 in
182 1344 399 1427 inscriptione²
429 1344 561 1428 quadam
589 1343 673 1404 urbis
695 1341 848 1405 Lebadiae
874 1348 922 1404 est
942 1362 1052 1404 nomen
1073 1344 1231 1425 proprium
1351 1413 1359 1428 ι

120 1449 153 1507 Γ
151 1441 272 1528 aciae),
289 1451 378 1527 stirps
394 1437 484 1523 οἶκος
499 1449 596 1519 forms
609 1446 748 1510 boeotica
761 1439 872 1523 funin,
891 1447 984 1528 stirps
1001 1439 1094 1522 εἰδὼς
1109 1448 1229 1508 nomine

121 1555 357 1634 magistratuum
373 1552 562 1636 quorundam
574 1551 883 1613 Lacedaemoniorum
899 1543 1012 1613 Bideot
1023 1552 1073 1613 vel
1086 1543 1227 1627 Bidooffi,

122 1658 217 1740 stirps
246 1645 321 1735 εἷμα
350 1657 456 1720 formis
486 1657 602 1718 aeolica
621 1648 784 1737 γέμμανα,
818 1655 953 1717 laconica
975 1650 1101 1734 βεσνὸν,
1124 1655 1230 1736 cypria

119 1757 222 1839 ῧεσις,
259 1761 354 1844 stirps
390 1761 577 1842 pronominis
607 1778 758 1840 personae
785 1759 896 1820 tertiae
924 1759 1095 1840 personalis
1125 1760 1229 1822 formis

118 1867 243 1928 aeolicis
262 1860 376 1941 fiaes,
408 1860 460 1943 Γέ,
491 1856 553 1941 fot,
587 1863 680 1943 stirps
709 1850 804 1924 εἷπον
831 1863 936 1925 formis
958 1863 1092 1924 lesbiaca
1113 1860 1229 1928 Γεῖντον

119 1973 152 2032 et
179 1971 319 2034 boeotica
345 1968 466 2048 finos,
499 1969 593 2050 stirps
622 1960 704 2044 ἅναξ
730 1969 762 2028 et
792 1955 942 2030 ἀνάσσειν
966 1967 1071 2029 formis
1093 1967 1229 2029 laconice

117 2063 381 2160 Εὖρν-βᾶνασσα
401 2076 433 2135 et
455 2074 568 2136 cretica
589 2065 836 2150 Βαναξίβουλος.

205 2179 264 2258 Ν)
294 2179 501 2241 Etiamsivero
536 2198 596 2239 uno
626 2177 761 2239 alterove
791 2179 899 2238 horum
928 2179 1020 2240 trium
1048 2177 1227 2240 indiciorum

118 2287 306 2368 digammum
337 2284 504 2359 indicatur,
543 2286 646 2344 tamen
683 2282 809 2344 accedat
835 2302 961 2344 necesse
990 2283 1038 2344 est
1076 2283 1224 2364 quaestio,

120 2410 181 2473 qna
200 2390 435 2466 demonstratur,
458 2387 590 2450 radicem
614 2386 719 2468 stirpis
742 2387 925 2448 instructam
947 2387 1043 2448 fuisse
1065 2387 1227 2466 digammo,

123 2495 204 2576 qnod
234 2495 264 2556 in
294 2493 397 2574 aliqua
424 2491 475 2553 vel
505 2491 644 2572 pluribus
665 2491 779 2571 linguis
802 2492 941 2571 cognatis
961 2491 1066 2552 littera
1090 2491 1227 2572 spirante

120 2602 185 2668 ,w‘
214 2599 265 2660 vel
294 2597 354 2659 alia
383 2597 475 2658 huius
502 2596 592 2658 simili
619 2598 775 2662 servatum
804 2599 860 2658 est.
906 2595 1011 2667 Quare
1033 2595 1230 2657 statuendum

118 2723 190 2768 esse
212 2706 286 2784 puto
309 2703 425 2763 nullam
448 2701 589 2777 radicem,
612 2700 672 2762 nisi
694 2701 726 2762 in
741 2719 801 2782 qua
815 2701 922 2780 lingua
937 2702 1069 2786 cognata
1083 2701 1229 2780 digammi

118 2807 287 2887 vestigium
308 2809 425 2868 certum
447 2807 559 2882 exstet,
583 2805 736 2884 digammo
759 2824 830 2866 esse
846 2805 1064 2866 instruendam
1097 2804 1144 2867 Ob
1161 2823 1229 2866 eam

120 2931 245 2973 causam
279 2912 311 2972 in
342 2909 467 2970 Homeri
500 2909 684 2970 carminibus
715 2905 774 2987 (ig,
798 2908 922 2971 Curtius
959 2908 1076 2970 invenit
1109 2914 1228 2970 tantum

122 3021 189 3078 tres
204 3019 235 3077 et
248 3015 375 3102 triginta
391 3012 565 3076 huiusmodi
580 3012 708 3088 radices,
724 3031 782 3091 ego
798 3012 829 3072 in
844 3012 957 3094 hymno
972 3011 1102 3074 Veneris
1117 3032 1227 3074 novem

120 3121 267 3199 (fortasse
288 3119 413 3196 decern),
437 3137 512 3202 quas
533 3137 613 3179 nnnc
634 3117 811 3197 prolaturus
835 3137 909 3178 sum.

212 3224 243 3302 1)
266 3215 355 3307 ἔργον
388 3259 429 3267 -
459 3242 476 3283 e
503 3221 607 3284 radice
629 3208 747 3306 W
780 3221 927 3303 quaeest
949 3211 1227 3305 ίηέργ-ά-ζομαι

118 3332 151 3392 et
189 3321 267 3411 ῥέζω
296 3330 350 3408 (ex
375 3324 518 3408 saep-juo
545 3347 600 3408 per
630 3325 841 3403 metathesin),
874 3326 904 3387 in
934 3326 1040 3406 lingua
1069 3324 1227 3387 Senserita

118 3432 309 3514 vrdg-d-mi
331 3433 500 3512 ,procedo‘,
532 3431 656 3493 caudice
678 3449 770 3492 varen
794 3430 952 3508 ,wirken‘,
984 3429 1086 3510 gotico
1106 3427 1226 3490 vairh-

114 3539 179 3618 jan,
198 3539 336 3599 nostrum
355 3533 513 3612 ,werna

192 3705 219 3771 1)
236 3703 365 3772 Exempla
382 3701 450 3772 petii
467 3719 499 3757 ex
517 3701 642 3756 Ahrensii
659 3701 728 3757 libro
746 3701 916 3758 celeberrimo
936 3701 989 3764 ‚De
1007 3701 1129 3756 dialectis
1143 3702 1227 3756 Grae-

117 3798 234 3856 oorum‘,
254 3791 300 3862 qni
321 3791 422 3860 prodiit
441 3789 588 3860 Gottingae
606 3805 629 3843 a.
652 3791 726 3846 1839.

190 3879 217 3946 2)
237 3878 270 3932 cf.
291 3877 353 3933 Keil
371 3877 422 3932 Zur
439 3877 549 3948 Sylloge
566 3875 688 3944 inscript.
707 3876 799 3932 Boeot.
820 3893 865 3945 pg.
877 3875 938 3930 554.

191 3967 219 4034 3)
237 3965 271 4021 cf.
291 3965 456 4020 Schoemann
474 3964 579 4020 Grieoh.
597 3963 780 4018 Alterthiimer
798 3964 821 4018 2.
836 3963 905 4017 Aufl.
927 3964 992 4018 1861
1011 3961 1025 4015 Ι
1043 3978 1088 4030 pg.
1102 3964 1162 4026 256,
1181 3961 1227 4030 qui

119 4055 147 4109 in
175 4052 293 4107 medinm
315 4056 393 4106 vocat
417 4051 547 4108 Plutarch
567 4050 630 4119 Lyo.
654 4067 675 4105 c.
697 4053 745 4114 17,
778 4050 926 4118 Xenophon
951 4065 1021 4117 resp.
1040 4047 1135 4102 Laced.
1156 4049 1180 4111 2,
1198 4049 1224 4111 2,

118 4139 337 4216 PausaniasIlI,
356 4139 398 4202 11,
417 4141 441 4203 2,
460 4138 552 4193 B'delrh
571 4137 649 4207 Corp.
667 4137 791 4206 Inscript.
811 4136 903 4191 Graec.
923 4135 937 4188 I
960 4152 1025 4205 pgg.
1044 4134 1086 4190 88.
1106 4135 1164 4189 609.

189 4227 218 4294 4)
238 4225 271 4279 ci.
292 4224 344 4294 Gg.
358 4224 445 4279 Curtii
463 4225 481 4280 l.
502 4227 521 4284 1.
541 4243 585 4295 pg.
605 4225 670 4290 1713
690 4225 844 4280 Hoffmanni
856 4225 965 4290 Quaest.
978 4223 1057 4276 Hom.
1071 4220 1099 4274 H
1120 4237 1164 4288 pg.
1178 4221 1224 4285 233

121 4311 226 4366 Ahnens
242 4313 281 4366 De
299 4311 364 4364 dial.
378 4311 466 4366 dorica
478 4315 576 4381 pg.46;
588 4311 653 4368 F'iolr
666 4310 842 4367 W'orherhuoh
854 4311 901 4366 der
912 4309 1060 4379 indogerm.
1075 4307 1225 4376 Urspraohe

120 4399 281 4469 (Giittingen
300 4397 378 4468 1868)
397 4415 443 4468 pg.
465 4399 523 4454 163.
