3082 4936
598 303 814 360 -13-

150 486 275 568 Optimo
297 487 394 566 igitur
416 487 483 548 iure
499 485 746 566 Bernhardyus1
762 486 910 548 excitavit
926 487 1053 564 animos,
1076 489 1111 548 ut
1127 485 1267 568 anquire-

148 595 248 668 retur,
287 594 440 673 quatenus
482 607 518 652 ac
564 590 674 671 quibus
708 589 801 650 rebus
834 589 1018 671 hymnorum
1046 591 1268 653 homerioorum

150 695 272 757 dicendi
307 715 407 775 genus
441 697 472 756 et
503 713 572 755 oum
598 693 731 754 Homero
759 697 792 754 et
817 713 886 756 cnm
914 695 1051 757 Hesiodo
1080 696 1268 758 consentiret

149 803 243 881 atquo
274 799 460 860 abhorreret.
505 797 595 868 Quae
621 797 761 879 quaestio
792 800 841 858 est
872 817 945 860 sane
975 798 1166 876 difficillima,
1195 798 1267 880 quia

150 904 189 965 de
209 904 336 966 Homeri
356 922 390 964 re
413 903 540 964 metrica
561 903 666 982 plures
689 905 815 962 exstent
838 902 924 979 libri,
946 904 985 965 de
1004 903 1133 965 Hesiodi
1153 903 1266 979 nullus,

152 1009 251 1090 quoad
271 1008 350 1084 scio,
381 1026 416 1069 ac
441 1008 513 1090 quia
535 1026 620 1082 eum,
644 1006 696 1087 qni
720 1005 758 1066 ad
778 1005 858 1067 hanc
879 1025 944 1067 rem
962 1008 1102 1085 accedat,
1126 1027 1203 1089 opus
1226 1008 1266 1068 sit

152 1115 184 1173 et
214 1132 281 1174 cum
303 1111 429 1173 Homeri
458 1115 490 1174 et
517 1131 586 1173 cum
607 1110 736 1172 Hesiodi
765 1110 908 1190 operibus
930 1111 1038 1173 intima
1060 1111 1265 1175 familiaritate

151 1236 221 1278 esse
245 1218 440 1278 coniunctum
463 1218 495 1278 et
518 1216 549 1277 in
571 1219 701 1297 utroque
723 1217 815 1295 poeta
838 1215 925 1296 quasi
946 1216 1093 1278 habitare.
1138 1216 1266 1278 Interim

148 1321 329 1402 priusquam
365 1321 437 1382 talis
469 1320 518 1382 vir
543 1319 713 1394 exstiterit,
752 1337 863 1399 operae
893 1319 952 1380 erit
982 1321 1115 1401 pretium
1142 1321 1265 1400 singula

149 1425 297 1506 colligere
319 1433 352 1486 et
374 1425 559 1487 examinare.
604 1423 696 1494 Quod
711 1422 905 1504 Bernhardyi
920 1426 1117 1505 praeceptum
1133 1426 1265 1487 maxime

149 1530 224 1590 milri
260 1530 370 1591 cadere
406 1529 531 1591 videtur
560 1529 591 1589 in
620 1529 752 1609 hymnos
782 1527 814 1588 in
844 1527 1031 1590 Mercurium
1060 1533 1092 1592 et
1121 1529 1265 1594 Cererem

152 1635 313 1711 confectos,
323 1633 445 1694 minime
461 1651 535 1695 vero
550 1633 582 1694 in
596 1651 675 1709 eum,
695 1632 733 1693 (10
750 1650 809 1714 000
825 1633 955 1712 agimus,
979 1634 1134 1715 hymnum,
1151 1634 1264 1716 quippe

150 1737 202 1818 qui
228 1738 290 1799 fere
322 1738 414 1799 nimis
445 1737 616 1799 homericus
649 1756 719 1798 esse
738 1737 882 1798 videatur
902 1756 938 1798 ac
959 1757 1058 1818 paene
1078 1739 1122 1801 nil
1143 1739 1265 1817 habeat,

148 1843 231 1924 qnod
254 1862 383 1923 prorsus
406 1861 424 1903 a
446 1842 667 1905 consuetudine
687 1842 842 1903 homerica
863 1842 1060 1903 abhorreat.²
1103 1841 1264 1926 Aequum

147 1947 185 2007 ab
215 1947 286 2008 aliis
317 1947 394 2008 viris
419 1947 519 2009 doctis
547 1947 593 2008 uti
624 1965 643 2007 a
678 1943 840 2007 Koehnio³
863 1947 1009 2008 nonnulla
1032 1967 1073 2009 ex
1092 1947 1205 2028 hymno
1226 1950 1265 2010 ad

149 2049 339 2112 Hesiodeum
356 2071 455 2132 genus
471 2049 592 2112 dicandi
608 2045 734 2131 propius
747 2050 924 2112 accedentia
938 2051 999 2112 sint
1012 2051 1149 2128 collecta,
1164 2053 1264 2130 timeo,

145 2174 185 2215 00
208 2155 281 2217 mihi
302 2174 403 2236 pauca
426 2155 488 2217 sint
509 2155 632 2231 relicta,
662 2173 740 2237 quae
763 2155 888 2231 addam,
912 2173 1096 2237 quamquam
1117 2157 1174 2219 hoc
1196 2158 1263 2218 loco

147 2260 308 2340 expressis
328 2261 432 2322 verbis
455 2260 570 2322 dictum
590 2279 660 2321 esse
682 2259 762 2335 volo,
785 2279 880 2320 unum
903 2263 1042 2321 nostrum
1063 2262 1208 2342 hymnum
1224 2263 1262 2323 ab

145 2362 277 2425 Hesiodi
297 2384 412 2444 genere
433 2363 556 2426 dicendi
578 2383 705 2445 prorsus
726 2364 878 2441 recedere,
902 2368 1021 2426 ceteros
1040 2385 1115 2428 vero
1131 2367 1262 2448 hymnos

149 2469 190 2529 ad
216 2469 248 2529 id
268 2469 369 2548 magis
389 2468 529 2530 minusve
553 2469 679 2550 propius
700 2469 854 2530 accedere.

234 2573 408 2635 Venimus4
430 2575 528 2653 igitur
555 2593 636 2635 nunc
667 2574 706 2635 ad
731 2574 865 2654 priorem
886 2573 978 2636 huius
1001 2575 1110 2654 capitis
1134 2578 1262 2657 partem,

145 2696 225 2759 quae
248 2681 297 2738 est
320 2678 358 2739 de
380 2678 486 2760 hymni
508 2697 542 2739 re
563 2678 698 2739 metrica.

216 2913 244 2983 1)
262 2913 281 2967 l.
300 2913 319 2968 l.
337 2912 387 2978 11⁸,
407 2913 420 2968 1
439 2929 485 2983 pg.
499 2913 551 2969 222
569 2915 597 2967 01
614 2911 731 2982 saepius.

216 3017 243 3087 2)
259 3015 399 3072 Windisch
418 3015 451 3070 de
468 3015 560 3084 hymn.
577 3017 686 3070 Homer.
705 3017 798 3082 maior.
819 3017 891 3085 hips.
912 3017 989 3081 1867,
1007 3033 1073 3085 pgg.
1086 3018 1128 3072 41.
1147 3019 1190 3074 55.

214 3121 243 3190 3)
261 3119 400 3175 Koehnius
423 3119 599 3186 Quaestiones
622 3121 725 3175 metric.
744 3110 901 3189 ct'gramm.
927 3119 959 3175 (10
981 3120 1073 3190 hymn.
1098 3121 1178 3175 Hom.
1197 3122 1259 3176 Hal.

144 3210 229 3272 1865;
246 3207 405 3262 1101100100
425 3207 477 3272 ,De
495 3208 643 3262 carminum
662 3207 858 3263 Hesiodeorum
876 3211 957 3277 atque
974 3207 1133 3275 hymnorum
1146 3210 1261 3277 quatuor

143 3309 307 3363 magnorum
326 3293 462 3348 vocabulis
479 3310 533 3348 non
553 3293 720 3360 Homericis‚‘
738 3295 909 3365 Regiomont.
926 3294 970 3349 Pr.
985 3296 1060 3351 1866.

210 3399 239 3467 4)
257 3397 449 3452 Adnotandum
474 3400 532 3463 001,
570 3398 594 3453 01
617 3398 747 3469 exemplis
766 3414 798 3452 ex
816 3397 928 3452 Homeri
946 3397 1109 3453 carminibus
1135 3397 1260 3467 petendis

144 3500 253 3552 egeam,
272 3484 338 3539 haec
356 3500 372 3538 a
389 3501 432 3538 me
451 3501 466 3539 e
482 3485 569 3553 primo
581 3485 676 3540 Iliadis
695 3484 764 3540 libro
776 3485 934 3554 plerumque
947 3487 1055 3555 sumpta
1070 3501 1142 3550 esse,
1162 3486 1260 3555 001000

143 3572 244 3641 inquo
268 3571 380 3626 minima
404 3573 615 3640 corruptelarum
633 3573 750 3642 vestigia
768 3575 873 3628 exstare
895 3573 1065 3627 notissimum
1084 3572 1128 3627 sit.
1170 3573 1259 3642 Atque

143 3659 195 3713 hoc
213 3659 271 3713 loco
283 3657 544 3714 commemorandum
563 3662 619 3724 est,
637 3677 680 3714 ma
697 3659 727 3714 in
746 3659 930 3714 examinandis
948 3659 1042 3728 hymni
1061 3663 1088 3714 et
1101 3677 1130 3714 re
1148 3661 1261 3714 metrica

145 3749 174 3800 et
191 3745 308 3800 dictione
326 3747 420 3801 eadem
437 3747 544 3801 ratione
563 3746 620 3801 sive
638 3747 765 3802 methodo
784 3763 842 3802 esse
860 3762 947 3810 usum,
969 3762 1050 3816 quam
1060 3745 1259 3802 adhibcthor-

144 3833 207 3902 gius
225 3831 343 3898 Curtius,
369 3833 411 3888 vir
436 3832 608 3888 doctissimus
633 3832 860 3907 clarissimusque,
879 3834 908 3886 in
927 3832 1025 3887 scholis
1044 3832 1077 3889 de
1097 3832 1259 3888 carminibus

144 3919 255 3974 Homeri
278 3918 395 3985 habitis,
421 3935 488 3990 quas
511 3920 541 3974 in
565 3919 616 3975 hoc
638 3919 730 3974 libello
749 3919 939 3975 conscribendo
958 3919 1115 3988 saepissime
1133 3919 1162 3974 in
1181 3935 1259 3973 usum

143 4007 261 4075 sumpsi,
283 4006 453 4075 potissimum
472 4007 502 4061 in
520 4023 552 4062 00
569 4009 655 4075 parte,
678 4022 746 4075 0000
766 4008 807 4062 est
825 4006 858 4061 de
876 4022 906 4060 re
928 4006 1038 4061 metrica
1056 4006 1150 4074 hymni
1170 4008 1198 4061 01
1216 4006 1258 4060 (11-

144 4092 240 4146 ctione.
262 4091 370 4147 Etenim
389 4093 413 4147 si
432 4094 492 4164 0010
512 4097 614 4149 certum
632 4093 665 4148 de
683 4109 711 4148 re
724 4094 837 4148 metrica
849 4092 1007 4163 dicendique
1019 4109 1117 4163 genere
1130 4091 1258 4147 iudicium

144 4179 293 4233 carminum
319 4178 481 4234 Graecorum
505 4182 640 4251 epicorum
662 4197 693 4235 ac
712 4181 827 4236 maxime
847 4197 950 4246 eorum,
977 4181 1023 4251 qui
1039 4181 1182 4235 Homerica
1199 4195 1258 4234 osse

145 4268 226 4319 antea
244 4267 419 4335 putabantur,
438 4267 507 4322 1000
524 4268 591 4333 vult,
611 4285 672 4323 eum
692 4285 746 4322 000
764 4284 796 4323 ac
813 4268 965 4323 certissima
981 4267 1078 4336 regula
1095 4267 1258 4322 carminibus

144 4352 296 4408 Homericis
314 4352 381 4421 ipsis
400 4354 442 4410 uti
459 4371 566 4410 necessa
586 4358 636 4411 est.
