3082 4936
733 277 950 334 ...14-

626 459 679 527 Ι)θ
700 461 828 546 hymnl
849 480 891 529 re
911 462 1064 532 metrica

300 615 308 630 .
372 565 420 630 Ao
442 567 574 648 primum
595 569 715 648 agimus
737 569 775 630 de
798 569 943 631 caesuris.

719 686 772 754 lle
795 687 954 756 caesuris

371 792 588 854 Hoffmann
626 794 835 865 Quaestiones
869 794 1049 856 Homericae
1086 797 1126 874 (a.
1155 796 1253 873 1842)
1283 796 1343 856 vol.
1370 795 1396 872 1,

284 917 336 978 ΡΒ.
362 903 563 1068 Ῑὸρίξτθθθν
597 985 644 1047 De
676 1005 770 1048 versu
806 984 995 1050 Graecorum
1021 986 1142 1048 heroico
1169 982 1268 1071 (Lips.
1298 983 1397 1072 1836)

284 1109 336 1171 pg.
364 1096 434 1151 1-
448 1095 497 1153 13.

243 1247 250 1256 .
371 1195 557 1275 Populorum
578 1195 909 1275 indogcrmanicorum,
931 1195 983 1276 qui
1005 1195 1162 1270 dicuntur,
1183 1215 1294 1257 versus
1318 1195 1397 1257 anti-

286 1299 449 1381 quissimos
470 1299 626 1379 longiores
649 1300 682 1360 in
701 1300 790 1360 binas
812 1303 918 1379 partes
937 1319 1008 1361 esse
1030 1299 1201 1360 dissecatos
1216 1299 1297 1362 inter
1311 1301 1396 1362 viroe

286 1404 392 1464 doctos
421 1421 502 1464 nunc
533 1405 662 1465 constat.
707 1400 758 1464 Sic
781 1403 864 1482 apud
884 1401 1040 1464 Romanos
1069 1421 1189 1478 versus,
1213 1403 1264 1484 qui
1288 1401 1396 1464 Satur-

284 1509 354 1569 nius
376 1511 518 1583 vocatur,
554 1507 635 1588 apud
656 1487 827 1569 Germanos
848 1526 968 1583 versus,
993 1508 1045 1588 qui
1067 1509 1117 1568 est
1137 1508 1169 1567 in
1192 1507 1308 1589 inclyto
1332 1525 1397 1569 car-

284 1613 365 1674 mine
388 1613 474 1693 epico
498 1613 536 1673 de
556 1611 751 1691 Nibelungis‚
773 1612 855 1692 apud
870 1609 1006 1674 Graecos
1028 1612 1242 1672 hexametrum
1257 1612 1288 1673 in
1306 1612 1396 1674 binae

284 1722 389 1799 partes
413 1717 515 1778 divisa
537 1719 617 1778 sunt.
662 1716 750 1780 Unde
771 1716 970 1797 intelligitur,
998 1718 1062 1779 fare
1086 1716 1185 1777 omnia
1208 1713 1397 1778 Graecorum

284 1822 464 1884 hexametra
484 1820 532 1881 uti
554 1838 684 1882 caesura
705 1820 794 1901 pedis
816 1821 900 1881 tertii
923 1821 990 1882 sive
1011 1820 1227 1902 semiquinaria
1243 1820 1310 1882 eive
1324 1825 1396 1901 post

283 1927 409 1988 tertium
423 1924 610 1986 trochaeum.
629 1923 679 1986 Ita
692 1943 839 1986 versuum
850 1923 957 1985 Iliadis
975 1927 1080 1986 15694
1095 1925 1302 2000 tantum185‚
1325 1945 1395 1988 yer-

284 2050 373 2091 suum
391 2033 495 2092 12101
516 2029 676 2111 Odysseae
692 2031 814 2090 tantum
833 2033 872 2090 71
889 2030 938 2105 (cf.
954 2029 978 2091 Ι.
998 2029 1122 2090 Bekker
1136 2028 1260 2090 Homer.
1275 2028 1396 2100 Bliitter

283 2153 335 2214 pg.
360 2135 436 2213 143)
463 2138 570 2196 carent
597 2152 726 2196 caesura
751 2134 840 2214 pedis
863 2134 963 2211 tertii,
996 2136 1028 2196 id
1050 2135 1152 2196 estin
1173 2133 1272 2196 Iliade
1293 2137 1395 2196 1:84

283 2242 315 2300 et
336 2239 368 2300 in
383 2238 526 2320 Odyssea
550 2245 592 2300 1:
612 2242 683 2302 170.
705 2239 743 2300 In
764 2240 877 2320 hymno
897 2242 1003 2301 nostro
1026 2239 1140 2300 habent
1164 2256 1269 2299 omnes
1285 2258 1395 2300 versus

282 2344 370 2424 pedis
390 2343 475 2405 tertii
496 2363 655 2405 caesuram
674 2347 798 2425 praeter
819 2362 930 2405 versus
946 2347 1088 2426 quartum
1103 2345 1135 2404 et
1152 2343 1396 2405 ducentesimum

284 2448 546 2529 septuagesimum
574 2451 731 2530 quartum,
762 2449 864 2509 idest
888 2451 1026 2524 1:146,
1056 2466 1134 2530 quae
1156 2449 1221 2509 fere
1243 2448 1322 2510 ratio
1345 2454 1395 2510 est

281 2552 451 2634 Odysseae.
514 2552 556 2614 Et
593 2553 734 2634 equidem
762 2557 852 2633 puto,
887 2572 926 2614 ne
958 2572 1084 2614 versum
1112 2553 1235 2634 quidem
1264 2553 1395 2613 alterum

282 2659 323 2735 (v.
348 2653 426 2740 271)
447 2675 553 2718 carere
577 2675 706 2718 caesura
728 2657 817 2738 pedis
833 2657 925 2733 tertii,
950 2657 977 2718 si
1000 2656 1156 2738 sequimur
1169 2655 1195 2717 Ι.
1209 2655 1394 2734 Bekkerum,

282 2763 333 2844 qui
357 2762 388 2840 (l.
404 2762 423 2822 l.
446 2781 497 2842 pg.
516 2761 590 2840 141)
614 2762 673 2825 ait:
698 2797 747 2838 -,
767 2762 827 2822 wie
847 2762 928 2822 denn
944 2761 1302 2841 Zusammensetzungen
1322 2761 1393 2821 dem

280 2866 380 2927 Veree
399 2865 518 2928 iiberall
540 2866 626 2928 nicht
648 2867 697 2928 sur
718 2866 998 2928 festverwaohsene
1021 2864 1186 2926 Hinheiten
1209 2865 1324 2945 gelten‚
1346 2883 1395 2925 am

280 2970 455 3050 wenigsten
484 2970 590 3032 Verba
627 2971 683 3032 mit
723 2973 925 3050 angeeetzten
961 2970 1209 3052 Priipositionen3
1246 2969 1395 3031 vielmehr

278 3075 357 3138 wird
377 3077 417 3137 da
441 3075 491 3137 die
505 3073 699 3155 Priiposition
721 3075 780 3137 wie
806 3075 855 3136 ein
870 3075 920 3136 fur
936 3075 1001 3137 eich
1025 3074 1189 3136 stehendes
1203 3071 1394 3136 Adverbium

279 3178 462 3240 behandelt.‘
512 3178 672 3240 Hactenus
709 3178 770 3240 ille.
815 3179 907 3250 Quod
935 3179 962 3240 si
989 3198 1098 3240 verum
1125 3182 1286 3258 putamus,
1323 3183 1394 3258 post

279 3278 357 3365 περὶ
392 3284 651 3364 praepositionem
688 3302 758 3343 esse
799 3300 957 3343 caesuram
984 3282 1229 3363 semiquinariam
1257 3284 1395 3344 statuere

279 3405 451 3468 possumus.
476 3386 633 3449 Habemus
654 3386 752 3467 igitur
769 3405 881 3448 versus
906 3390 966 3448 147
984 3386 1141 3466 praeditos
1158 3405 1285 3448 caesura
1304 3388 1394 3448 aemi-

278 3492 418 3573 quinaria
446 3491 490 3568 (in
511 3492 621 3574 quibus
643 3491 801 3553 dividendi
821 3509 932 3551 versus
955 3490 1033 3552 ratio
1056 3493 1105 3552 est
1130 3487 1188 3573 ²¹la
1215 3498 1248 3564 i·
1270 3489 1347 3575 3¹l2)
1361 3493 1394 3552 et

277 3615 388 3656 versus
420 3598 481 3657 145
512 3597 679 3659 instructos
708 3613 838 3682 caesura
867 3594 955 3675 pedis
978 3595 1062 3657 tertii
1084 3595 1240 3658 trochaica
1261 3595 1325 3675 (ubi
1344 3599 1394 3656 est

257 3717 260 3724 ·
277 3700 355 3761 ratio
375 3697 436 3782 2³l4
454 3705 487 3774 -t-
504 3698 580 3784 3¹l4)
597 3735 637 3745 ··
653 3701 684 3762 id
700 3703 749 3762 est
764 3700 925 3783 utriusque
940 3701 1064 3781 generis
1080 3699 1207 3762 totidem
1217 3719 1337 3760 versus.
1353 3736 1389 3744 -

367 3806 504 3869 (laesura
533 3807 625 3886 post
654 3806 764 3885 pedem
792 3804 918 3868 tertium
946 3805 1079 3880 vitatur,
1112 3823 1150 3866 ne
1180 3804 1258 3865 duae
1280 3823 1393 3866 versus

277 3912 383 3989 partes
404 3928 495 3990 pares
517 3910 663 3971 oriantur.
704 3907 752 3970 Ao
776 3908 803 3970 ei
824 3908 975 3970 eiusmodi
997 3925 1158 3969 caesuram
1180 3907 1278 3987 legis,
1314 3907 1393 3968 divi-

277 4014 396 4075 dendus
426 4014 484 4076 tibi
513 4017 562 4076 est
587 4033 698 4076 versus
724 4032 785 4074 non
813 4014 871 4074 hoo
902 4014 970 4093 ipso
992 4013 1066 4086 loco,
1087 4012 1143 4072 sed
1167 4012 1227 4073 alio
1250 4012 1393 4094 quodam,

277 4119 420 4201 quoniam
442 4119 525 4200 apud
545 4116 682 4181 Graecos
705 4118 805 4180 altera
828 4136 949 4197 sempor
976 4115 1016 4177 sit
1036 4133 1164 4176 caesura
1187 4119 1393 4194 necesseest;

278 4223 322 4286 sio
343 4224 425 4304 apud
441 4222 608 4286 Homerum
629 4221 764 4302 exempli
786 4222 888 4301 gratia
910 4222 941 4281 in
963 4219 1050 4282 Iliad.
1072 4239 1100 4302 y,
1108 4241 1134 4281 ν.
1159 4224 1221 4284 185
1244 4239 1305 4282 non
1320 4227 1393 4302 post

246 4351 250 4368 ¹
276 4328 387 4410 pedem
415 4328 541 4391 tertium
563 4346 692 4391 caesura
714 4329 773 4405 est,
798 4325 852 4386 sed
875 4325 1100 4408 semiquinaria.
1143 4324 1237 4406 Apud
1257 4323 1392 4388 Ennium
