3082 4936
597 313 812 372 -.4⁶1-

151 499 182 561 in
205 517 256 560 w.
277 499 317 560 95
341 499 373 558 et
394 499 444 573 96,
467 501 654 577 postremum
676 518 744 558 oum
758 497 787 558 N
789 499 902 578 ymphs
916 499 1027 581 alique,
1049 517 1127 580 quse
1140 497 1258 560 medies

149 602 371 686 quodammodo
393 605 500 683 portes
522 603 603 664 inter
624 603 698 663 deos
721 606 753 664 et
773 602 910 664 homines
923 621 1017 682 egere
1029 604 1110 684 epud
1123 600 1260 666 Greeoos

149 709 346 789 putabantur.
389 706 530 778 Quaeris
559 725 633 767 vero
664 708 771 768 honum
798 708 890 769 trium
919 707 1064 770 olsssium
1083 708 1260 789 pronomine

150 811 308 876 indefinito
330 803 410 888 ,sig‘
430 811 635 874 introducitur
657 829 693 873 eo
716 811 813 873 ouivis
837 817 886 873 est
901 813 1054 878 sdieotum
1064 812 1259 874 euuuoistum

150 916 328 992 relativum,
365 916 447 998 quod
473 915 664 995 grammatioi
691 921 810 978 vooent.
856 917 918 988 eui
942 917 1016 980 ordo
1039 917 1259 980 sententiarum

153 1019 285 1101 optimus
312 1020 542 1100 interpolatoris
564 1021 706 1082 versibus
731 1024 780 1082 93.
801 1026 852 1083 94.
877 1026 917 1084 99
938 1021 1016 1084 mels
1037 1026 1086 1084 est
1107 1023 1259 1084 herbetus.

153 1125 304 1197 Quocirca
325 1127 401 1207 puto
420 1125 477 1187 hos
496 1129 560 1188 tres
582 1145 692 1186 versem
715 1127 805 1188 textu
817 1145 888 1188 osse
900 1128 1076 1190 movendos.

239 1215 389 1294 hdiioinm
405 1230 515 1292 deindo
530 1231 690 1292 formulam
703 1251 776 1292 vere
793 1232 976 1308 hesiodesm,
997 1250 1107 1313 nempe
1129 1230 1259 1316 μανῆναι

150 1327 185 1400 ἐν
217 1325 371 1418 φιλότητί
400 1355 497 1410 τινος.
540 1333 692 1398 Homerus
720 1336 809 1411 onim,
840 1337 1011 1418 ubieunque
1040 1337 1098 1398 heo
1129 1336 1260 1398 formula

152 1459 232 1504 usus
259 1442 314 1516 ost,
341 1457 496 1521 nunquam
525 1439 618 1502 hehet
646 1439 830 1520 genitium,
859 1460 949 1523 quem
979 1441 1112 1520 legimus
1134 1441 1259 1504 ineunte

154 1541 299 1610 Meroutii
320 1543 432 1626 hymno
456 1537 539 1622 Διὸς
559 1537 592 1606 ἐν
616 1534 764 1628 φιλότητι
783 1544 913 1626 μιγεῖσα
935 1547 968 1606 et
987 1544 1019 1606 in
1040 1545 1147 1627 hymni
1161 1545 1259 1607 nostri

154 1667 183 1713 v.
208 1649 270 1714 100
299 1643 378 1731 πρὶν
405 1648 446 1733 σῇ
466 1649 663 1728 (adieetivum
681 1651 780 1729 pretio
803 1649 932 1730 genitivi
953 1653 1004 1712 ost
1025 1650 1258 1727 aestimandum)

151 1742 301 1836 peteteret
342 1755 479 1836 μιγῆναι.
538 1751 693 1816 Hesiodus
729 1754 832 1815 eutem
869 1755 1011 1834 saepius,
1026 1739 1104 1816 honri
1137 1755 1260 1816 admisit

151 1860 347 1934 structuram,
367 1858 466 1924 voluti
480 1858 511 1920 in
530 1859 634 1939 theog.
648 1879 700 1924 vv.
723 1862 795 1924 980.
819 1861 911 1920 1005.
935 1863 1018 1921 1019
1041 1859 1092 1921 sil.
1115 1859 1146 1920 ll.
1168 1893 1209 1908 -ψ

237 1961 350 2026 Restat
368 1962 508 2044 denique,
528 1965 565 2026 ut
585 1963 725 2042 siuguius
747 1963 956 2030 examinemus
972 1964 1126 2040 formulas,
1149 1965 1259 2048 quibus

149 2069 245 2148 poste
265 2066 373 2148 hymni
391 2068 431 2133 eb
453 2065 579 2130 Homeri
599 2085 683 2130 more
704 2068 849 2148 loquendi
868 2069 1032 2130 rsoesserit
1051 2070 1084 2129 ot
1099 2069 1139 2129 sd
1159 2069 1257 2131 heeiov

148 2171 243 2235 doum
264 2190 365 2251 genus
388 2171 508 2238 dioendi
528 2170 654 2252 propius
673 2172 848 2234 sooessorit.
879 2169 958 2233 Sunt
978 2175 1083 2234 eutem
1098 2193 1139 2236 ex
1153 2173 1260 2254 hymni

151 2265 394 2360 ὁμηρικωτάτου
405 2280 516 2337 nature
531 2277 835 2357 perpouoesformee,
850 2277 1004 2358 inqsuitsus
1014 2278 1257 2340 enumerandis

152 2381 284 2446 maximo
314 2377 486 2445 Koehniuur
513 2380 584 2458 (1.1.
612 2381 684 2444 isde
705 2399 724 2444 s
745 2401 797 2461 pp.
819 2379 871 2458 18)
891 2383 1015 2444 secretus
1034 2401 1110 2443 sum.

240 2483 344 2567 Atque
386 2485 419 2550 in
462 2484 559 2566 prime
589 2485 791 2552 destinatione
828 2485 910 2548 sedit
947 2486 1104 2566 genitivus
1139 2488 1257 2550 numeri

151 2589 280 2670 puratis
303 2587 437 2652 somiein
460 2625 502 2636 -
524 2610 590 2655 osor
610 2590 709 2654 veluti
723 2576 909 2672 ἀγγελιάων,
932 2585 1051 2666 θεάων,
1066 2581 1254 2676 ἡμετεράων,

150 2684 337 2776 dysvsdov,
352 2712 480 2776 querum
491 2695 736 2762 formmumusus
746 2695 883 2758 idemest
896 2696 978 2776 upud
985 2694 1154 2758 Hesiodum
1165 2696 1257 2774 (prist

150 2799 274 2881 quodie
285 2797 388 2874 Solito.
404 2800 536 2869 tamine
552 2800 845 2882 quadringentorum
855 2820 1008 2880 versuum,
1025 2821 1081 2863 sex
1092 2802 1207 2863 formes
1223 2802 1256 2863 iu

152 2937 194 2951 --
208 2904 253 2964 ὥν
269 2906 445 2970 0011099099
468 2905 579 2984 sunt“),
599 2925 692 2987 quum
713 2905 866 2970 Homerus
884 2906 1023 2986 regulam
1046 2909 1199 2988 sequetur,
1221 2909 1256 2974 ut

152 3008 352 3088 praeoedente
380 3009 481 3076 veoeli
508 3010 664 3090 genitivus
693 3011 800 3076 deolin
826 3011 914 3091 prim
943 3011 1022 3092 plur.
1050 3031 1113 3072 non
1135 3011 1256 3074 desinet

152 3112 185 3174 in
197 3106 285 3188 -έων,
307 3114 360 3178 ssd
383 3115 580 3184 emerebatur
601 3115 709 3180 ier-siv
731 3115 829 3177 veluti
851 3116 1003 3199 παρειῶν,
1023 3115 1164 3193 Σκαιῶν,
1183 3137 1254 3200 τρυ-

149 3214 301 3301 φαλειῶν.
340 3217 382 3280 Et
396 3219 521 3282 dativus
535 3220 621 3302 plur„
642 3219 695 3302 qui
710 3220 742 3283 in
752 3236 843 3284 -αισι
851 3221 935 3302 opud
949 3220 1116 3282 Homerum
1127 3221 1255 3302 saepius

146 3322 243 3398 eadit,
272 3341 372 3405 neque
404 3323 436 3386 iu
465 3324 578 3406 hymno
607 3344 706 3406 neque
734 3325 817 3404 apud
838 3323 1007 3388 Hesiodum
1029 3327 1171 3407 (exospto
1194 3345 1256 3387 uuo

146 3427 319 3506 fragmento
350 3448 380 3490 u.
403 3432 465 3494 222
495 3426 677 3511 Goettling.)
711 3431 825 3494 exstet.
875 3427 964 3493 Unde
985 3430 1123 3492 oonoludi
1142 3433 1254 3511 potest,

145 3550 208 3594 non
237 3531 330 3612 longo
358 3533 509 3622 tempore¹
523 3536 595 3614 post
620 3533 788 3602 Homerum
815 3534 894 3598 hene
922 3534 1148 3610 formationem,
1176 3555 1254 3618 quse

145 3636 197 3704 est
219 3636 444 3719 astipuissimn,
463 3637 635 3702 evanuisse.
675 3635 719 3704 At
740 3639 873 3720 hymnus
897 3657 995 3720 seque
1026 3642 1118 3722 etque
1144 3637 1253 3703 Hosio-

145 3738 205 3802 dus
237 3740 375 3806 dativum
404 3741 482 3823 plur.
518 3741 661 3808 terminet
688 3743 816 3822 ἰη-αις,
855 3760 946 3824 quem
977 3744 1105 3806 formum
1136 3745 1254 3827 respuit

144 3842 299 3910 Homerus
321 3846 404 3924 (nom
423 3846 544 3912 duobus
565 3848 685 3914 tentum
706 3847 783 3912 loeis
804 3865 873 3914 eam
894 3847 1018 3913 admisit
1034 3848 1124 3911 Iliad
1138 3873 1172 3932 μ,
1191 3855 1253 3914 294

143 3934 261 4028 devoir
281 3953 313 4013 ot
326 3949 425 4024 θεαῖς
439 3950 471 4012 in
485 3947 597 4031 odyss.
614 3970 638 4027 e,
655 3949 741 4028 11e),
755 3951 800 4020 sio
814 3951 847 4015 in
860 3952 966 4034 hymni
980 3973 1030 4016 vu.
1052 3957 1117 4017 190
1129 3953 1252 4034 (θεαῖς)

143 4057 176 4116 st
201 4056 265 4121 249
289 4038 379 4132 (sig).
422 4053 555 4122 Videtur
581 4054 678 4143 igitur
698 4056 756 4119 hoo
774 4057 840 4122 loeo
863 4059 955 4137 poeto
974 4059 1080 4120 noster
1104 4058 1253 4126 rationem

144 4156 326 4238 posterioris
347 4176 476 4237 poeseos
497 4159 605 4242 epioee
628 4160 723 4244 sequi.

232 4259 319 4326 Inter
342 4261 542 4332 adieetive
563 4266 667 4334 inueni
690 4266 845 4346 despuas
865 4285 961 4348 quum
974 4267 1072 4348 ,epod
1086 4266 1252 4334 Homerum

145 4385 266 4451 sempor
282 4367 414 4430 duorum
428 4369 549 4435 tantum
563 4374 723 4450 genemm‘
737 4369 807 4448 siet,
829 4371 932 4436 temen
946 4372 978 4434 iu
992 4372 1106 4453 hymno
1120 4373 1253 4437 forment
