3082 4936
766 307 983 364 ‚20-

321 515 351 556 v.
365 499 404 556 17
420 499 452 556 et
474 516 502 556 v,
515 500 556 558 32
575 531 617 539 -
632 495 752 557 uocalis
771 495 876 556 brevis
890 514 951 556 non
963 493 1150 574 producitur.
1178 491 1324 574 Sequitur
1335 493 1438 572 igitur
1513 545 1514 562 ,

322 600 575 681 hymnographus
584 598 861 662 Homeriinlliade
874 618 997 674 morem,
1020 598 1051 659 id
1061 603 1109 660 est
1119 617 1249 678 poeseos
1259 597 1437 658 homericae
1513 581 1514 600 ¹

325 705 526 786 antiquiorem
539 724 637 766 usum
659 705 763 768 Ceteri
774 724 848 765 vero
864 703 978 784 hymni,
993 707 1029 763 ut
1048 711 1132 763 reete
1149 701 1370 777 aitKochnins,
1387 707 1435 761 to-

322 809 418 870 tidem
436 808 520 870 locos
535 813 682 889 exceptos
697 809 810 870 hahent
823 826 915 889 quam
930 805 1080 887 Odyssea.
1109 805 1197 882 Vide,
1219 825 1310 887 qnam
1326 809 1438 865 noster

321 912 454 994 hymnus
476 911 533 972 hoe
556 930 676 994 quoqne
693 912 760 972 loco
782 912 821 972 ad
840 930 970 991 poeseos
985 910 1153 971 homericae
1168 910 1320 970 sincerum
1341 929 1437 970 usum

322 1016 449 1096 propius
472 1016 599 1078 accedat
621 1035 713 1097 qnam
735 1019 838 1076 cetera
851 1012 1038 1077 Graecorum
1060 1014 1193 1076 carmina
1210 1014 1326 1093 epicaa
1343 1014 1436 1074 nobis

323 1120 355 1180 iu
377 1119 510 1182 medium
532 1115 657 1182 vocata.¹
1514 1103 1515 1114 ἵ

553 1238 596 1316 De
618 1255 681 1306 usu
703 1237 902 1324 dactylorum
925 1243 958 1306 ct
977 1236 1198 1324 spondcorum

412 1344 450 1406 In
481 1365 541 1406 usn
567 1345 719 1406 homerico
741 1343 934 1424 dactylorum
955 1349 987 1404 et
1008 1342 1210 1423 spondeorum
1231 1341 1437 1402 animadverti

325 1453 437 1528 potest,
461 1448 602 1529 dactylos
625 1450 663 1508 ob
683 1451 823 1510 naturam
843 1447 1022 1522 hexametri,
1045 1447 1126 1528 quod
1147 1453 1196 1508 est
1210 1449 1341 1507 metrum
1361 1447 1435 1506 dac-

323 1553 469 1634 tylicum,
504 1553 600 1612 multo
630 1552 735 1634 plures
765 1552 1007 1633 inveniriquam
1027 1551 1187 1631 spondeos.
1231 1551 1336 1621 Quum
1358 1569 1435 1610 vero

322 1676 434 1717 versus
462 1675 480 1717 e
506 1656 598 1716 meris
622 1656 755 1737 dactylis
775 1655 935 1736 compositi
954 1656 1035 1716 iusto
1058 1655 1230 1716 vivaciores
1252 1674 1323 1716 esse
1344 1654 1433 1714 vide-

324 1765 428 1835 antur,
450 1758 603 1820 Homerus
633 1778 688 1820 eos
710 1778 779 1820 raro
800 1745 931 1820 admisit.
975 1757 1039 1819 Vix
1060 1758 1140 1819 enim
1159 1759 1296 1838 quintam
1316 1758 1435 1818 faciunt

322 1872 459 1944 partem:
483 1884 532 1926 ex.
554 1868 635 1944 grat.
657 1865 689 1926 in
709 1864 796 1925 Iliad.
816 1863 920 1944 rhaps.
942 1884 963 1923 α
984 1867 1110 1924 exstant
1133 1882 1244 1923 versus
1259 1862 1434 1923 huiusmodi

326 1973 403 2043 120,
433 1988 510 2050 quos
533 1965 644 2030 Graeci
665 1960 897 2042 ὁλοόακτύλους
918 1968 1024 2028 dicunt
1044 1961 1179 2044 στίχους.
1222 1965 1361 2027 Eandem
1384 1985 1432 2026 ra-

324 2073 438 2134 tionem
467 2073 595 2152 praebet
624 2073 756 2153 hymnus
778 2075 899 2147 noster,
931 2073 984 2153 qui
1003 2075 1044 2133 46
1067 2091 1177 2132 versus
1200 2061 1434 2142 ὁλοόακτύλους

293 2157 296 2169 ’
324 2177 426 2239 habet.
471 2177 670 2257 Quantopere
692 2197 767 2238 vero
786 2175 940 2237 Homerus
954 2177 986 2236 in
1001 2176 1080 2256 pede
1095 2176 1191 2256 primo
1206 2176 1325 2236 faveret
1339 2194 1431 2254 spon·

325 2281 391 2357 deo,
410 2282 470 2342 iam
493 2300 587 2360 supra
609 2282 815 2362 exposuimus,
838 2301 932 2362 quum
953 2280 1140 2342 decessura
1161 2283 1232 2359 post
1246 2278 1355 2359 pedem
1370 2278 1431 2359 pri-
1517 2271 1518 2344 t

324 2405 407 2447 mum
426 2385 528 2466 posita
542 2385 773 2461 dissereremus,
795 2404 876 2446 nunc
890 2384 1063 2446 addendum
1077 2389 1134 2461 est,
1155 2384 1212 2445 hoc
1227 2383 1431 2464 spondeorum

323 2489 564 2552 invehendorum
587 2490 723 2551 studium
741 2491 773 2549 in
787 2490 963 2550 universam
977 2507 1087 2555 vorsus
1102 2488 1284 2569 particulam
1298 2488 1431 2567 priorem

325 2594 441 2656 cadere.
482 2592 589 2676 Aeque
621 2594 654 2655 in
676 2594 789 2674 hymno
811 2597 916 2656 nostro
940 2593 1108 2673 spondeum
1129 2592 1260 2672 legimus
1281 2592 1314 2653 in
1332 2594 1430 2673 primo

325 2699 403 2778 pede
433 2705 480 2760 ter
498 2702 530 2760 et
550 2699 701 2778 octogies,
731 2699 763 2760 in
783 2699 917 2760 secundo
938 2698 1018 2778 pede
1040 2697 1135 2758 octies
1157 2702 1189 2757 et
1212 2696 1370 2776 sexagies,
1401 2698 1431 2757 in
1518 2737 1519 2778 5

322 2807 451 2884 utroque
479 2802 557 2882 pede
588 2802 679 2864 simul
707 2805 755 2864 ter
781 2805 813 2864 et
840 2802 962 2877 tricies,
986 2802 1116 2883 denique
1146 2802 1178 2862 in
1200 2801 1299 2862 tribus
1319 2819 1430 2888 uersus

322 2906 451 2986 pedibus
473 2906 625 2986 prioribus
649 2907 753 2968 octies.
789 2905 873 2968 Raro
896 2910 999 2968 autem
1021 2906 1125 2986 plures
1149 2923 1240 2986 quam
1258 2907 1323 2966 tres
1339 2925 1430 2992 sponf

322 3010 371 3072 dei
406 3012 489 3091 apud
522 3010 690 3073 Homerum
727 3012 759 3073 iu
789 3012 897 3074 eodem
925 3031 1020 3073 versu
1051 3015 1190 3086 exstant,
1224 3009 1270 3071 uti
1300 3012 1431 3090 quatuor

321 3112 408 3176 Iliad,
431 3135 461 3191 o,
484 3119 556 3177 439.
600 3115 639 3176 In
667 3116 780 3196 hymno
810 3116 957 3177 hahemus
980 3116 1057 3177 duos
1079 3133 1189 3175 versus
1212 3133 1280 3174 cum
1299 3116 1431 3195 quatuor

322 3218 476 3299 spondeis,
496 3240 548 3280 vv.
570 3224 630 3281 121
656 3223 688 3282 et
712 3225 784 3297 192,
805 3221 856 3302 qui
879 3221 1005 3300 insuper
1025 3220 1058 3281 in
1080 3219 1187 3280 ultimo
1209 3238 1319 3279 versus
1341 3220 1430 3298 pede,

321 3323 374 3404 qui
392 3323 445 3384 vel
460 3324 637 3385 trochaeum
651 3325 703 3385 vel
716 3325 885 3406 spondeum
899 3325 1000 3400 hahet,
1017 3325 1151 3404 spondeo
1167 3327 1302 3385 utuntur.
1332 3320 1429 3402 Spon-

321 3428 412 3489 deum
434 3446 452 3489 a
474 3428 579 3511 quinto
600 3430 770 3490 hexametri
792 3430 871 3510 pede
892 3428 1025 3489 alienum
1048 3447 1117 3488 esse
1139 3429 1170 3489 in
1191 3427 1263 3488 ludo
1279 3445 1357 3507 puer
1370 3426 1430 3487 iam

321 3551 382 3592 non
410 3532 541 3611 ignorat.
585 3532 629 3594 At
662 3531 815 3596 Homerus
839 3534 865 3594 si
887 3533 1056 3612 spondeum
1077 3531 1130 3594 illo
1153 3533 1219 3592 loco
1242 3530 1366 3591 admisit
1389 3565 1428 3573 -

322 3641 353 3698 et
374 3636 498 3698 admisit
517 3636 679 3719 aliquoties
701 3639 799 3700 veluti
821 3639 853 3699 in
876 3636 962 3698 lliad.
985 3638 1087 3718 rhaps.
1111 3658 1132 3697 α
1153 3639 1202 3696 ter
1216 3642 1248 3697 et
1263 3635 1375 3709 tricies,
1398 3636 1429 3695 in

322 3741 345 3820 β
374 3743 482 3822 quater
509 3744 540 3803 et
559 3743 778 3824 quinquagies,
811 3743 843 3803 in
865 3761 884 3823 y
906 3743 1020 3819 vicies,
1050 3743 1081 3804 in
1101 3737 1120 3802 d
1140 3741 1187 3800 bis
1210 3744 1241 3801 et
1263 3739 1366 3800 tricies
1386 3772 1428 3782 -

322 3846 386 3906 fere
410 3864 531 3925 semper
553 3859 636 3908 certo
659 3847 791 3928 quodam
813 3848 939 3909 consilio
957 3848 1039 3923 facit,
1061 3847 1193 3906 fortasse
1208 3849 1243 3905 ut
1257 3843 1344 3904 tardo
1359 3861 1428 3903 ver-

324 3968 379 4010 sus
401 3950 487 4012 exitu
508 3970 574 4012 rem
596 3968 665 4012 esse
688 3952 811 4013 tardam
829 3951 981 4034 significet
1003 3949 1054 4012 vel
1076 3954 1112 4009 ut
1133 3949 1177 4008 rei
1188 3947 1428 4030 magnitudinem

323 4072 359 4114 ae
380 4053 517 4116 virorum
539 4054 756 4118 maiestatem¹
778 4055 932 4118 describat
955 4054 1006 4115 vel
1029 4073 1069 4113 ex
1091 4052 1151 4113 aha
1164 4052 1313 4114 eiusmodi
1327 4069 1427 4113 causa.

393 4213 419 4283 1)
438 4214 528 4284 deque
547 4213 676 4270 Goethius
702 4218 795 4269 noster
816 4217 844 4269 in
863 4215 981 4269 carmine
1003 4212 1187 4278 celeberrimo,
1209 4213 1253 4268 cui
1269 4212 1426 4281 inscriptum

322 4302 365 4354 est
390 4299 539 4363 ,Hermann
558 4307 580 4353 a
599 4301 762 4366 DoroHea‘,
789 4303 818 4356 in
841 4305 910 4356 cant.
936 4302 1032 4370 quarto
1057 4300 1195 4371 (Euterpe)
1216 4316 1242 4353 v.
1261 4301 1296 4356 21
1321 4298 1426 4363 -,'der

321 4387 441 4458 wtrdige
458 4387 676 4458 augementis
