3082 4936
619 317 927 412 ·--co--⁴

176 516 266 592 bant,
298 515 368 596 quis
394 515 499 595 putat?
543 514 679 593 Populus
702 514 782 576 enim
805 515 893 576 fortis
922 517 954 576 11
975 515 1089 595 probus
1113 515 1289 577 desummo

151 619 295 698 gloriae
333 619 458 698 fastigio
489 619 675 679 necessitate
705 619 836 699 quadam
864 619 1017 694 deiectus,
1060 619 1126 680 sive
1163 622 1202 680 ab
1231 621 1290 681 alic

178 724 310 804 quodam
339 723 452 802 populo
481 722 537 782 sub
560 721 675 782 ditione
695 724 818 783 tenetur
841 722 907 783 sire
929 742 947 782 e
966 723 1068 802 patria
1094 723 1211 783 eiectus
1231 723 1290 784 alio

176 827 243 888 loco
282 827 371 886 sedes
402 826 552 888 collocare
589 827 713 886 coactus
751 828 816 902 est,
854 827 1030 888 memoriam
1063 828 1095 886 11
1133 826 1291 906 opiniones

176 933 299 1011 patrum
327 930 496 1011 antiquitus
525 932 668 1009 acceptas
698 947 734 990 eo
755 930 894 992 tenacius
918 949 1043 992 servare
1072 949 1108 992 ac
1135 929 1291 992 custodire

178 1035 272 1110 solet,
301 1053 360 1115 quo
383 1033 604 1114 praeclariores
624 1032 696 1094 illae
719 1035 851 1094 fuerunt.
895 1033 966 1094 Iure
985 1034 1081 1114 igitur
1106 1034 1290 1096 contendere

175 1158 310 1219 possum,
332 1139 364 1198 in
386 1138 456 1198 istis
475 1136 656 1197 Aeneadum
678 1138 798 1217 oppidis
820 1137 941 1198 fabulas
964 1156 982 1196 a
1003 1139 1143 1217 patribus
1159 1138 1290 1199 traditas
1328 1153 1332 1161 ·

179 1261 301 1322 semper
331 1242 502 1302 celebratas
525 1245 557 1300 11
579 1241 679 1301 cultas
703 1260 780 1302 esse.
825 1241 934 1320 Populi
955 1243 1103 1322 cuiusque
1122 1242 1236 1320 optima
1258 1246 1291 1303 et

176 1346 348 1407 certissima
381 1346 569 1424 maximeque
592 1346 715 1424 propria
736 1346 817 1405 bona
839 1348 911 1405 sunt
933 1345 1040 1423 lingua
1062 1348 1093 1405 et
1115 1345 1290 1424 religiones.

178 1449 364 1510 Teucrorum
392 1468 465 1510 vero
493 1448 666 1527 lingua-
696 1449 734 1508 de
765 1468 826 1528 qua
857 1450 976 1510 omnino
1004 1449 1047 1509 nil
1078 1449 1206 1524 scimus,
1236 1451 1290 1510 sed

180 1572 270 1636 quam
292 1573 353 1613 non
375 1552 418 1614 ita
445 1553 575 1612 multum
596 1571 614 1612 a
636 1550 825 1613 Graecorum
854 1553 961 1632 lingua
982 1553 1178 1613 abhorruisse
1205 1556 1289 1631 pute,

177 1657 248 1738 quia
278 1657 360 1736 apud
382 1655 550 1716 Homerum
571 1654 683 1717 Graeci
706 1659 738 1716 et
760 1655 885 1717 Troiani
915 1657 1005 1717 alteri
1035 1656 1149 1716 alteros
1178 1657 1289 1717 intelli-

176 1763 255 1839 gunt
278 1795 318 1804 —-
343 1779 362 1820 a
384 1757 571 1821 Graecorum
599 1759 706 1838 lingua
735 1760 894 1838 praeclara
922 1764 971 1820 111
994 1763 1138 1839 superata
1165 1779 1290 1840 oppres·

179 1883 274 1945 saque
295 1884 329 1925 ac
352 1883 479 1944 prorsus
509 1865 642 1924 evanuit.
687 1862 756 1924 Non
787 1868 889 1924 autem
916 1865 997 1924 idem
1026 1864 1150 1940 illorum,
1170 1865 1291 1926 fabulae
1336 1882 1339 1886 ’

180 1987 292 2048 passae
320 1969 466 2028 ridentur
486 1987 563 2028 1111.
608 1966 732 2028 Etenim
759 1969 932 2048 principum
961 1966 1069 2048 Scepsi
1096 1968 1292 2046 regnantium

179 2072 340 2153 permagni
350 2073 501 2133 interesse
514 2091 641 2132 necesse
657 2073 723 2144 fuit,
741 2075 776 2132 ut
787 2072 859 2132 illae
871 2072 910 2132 de
921 2073 988 2148 diis,
1009 2072 1171 2153 exquibus
1187 2052 1290 2150 gentis

180 2195 255 2238 suae
267 2177 416 2255 originem
427 2177 622 2251 deducerent,
640 2177 761 2236 fabulae
778 2177 921 2254 rigerent
940 2197 975 2238 ac
991 2195 1082 2259 quam
1096 2177 1228 2237 maxime
1243 2177 1287 2238 di·

178 2282 390 2360 vulgarentur.
429 2281 471 2341 Et
490 2299 639 2341 memores
657 2281 971 2359 praeclarissimorum
982 2285 1163 2359 temporum,
1180 2282 1290 2361 quibus

178 2384 378 2445 Troianorum
402 2404 453 2445 res
473 2384 638 2444 honoribus
665 2387 696 2444 et
719 2383 818 2462 gloria
838 2385 988 2445 florebant
1016 2403 1051 2445 ac
1068 2385 1208 2445 Priamus
1234 2404 1290 2444 rex

179 2509 278 2569 paene
287 2507 391 2549 omncs
400 2487 765 2568 Asiaeminorispopulos
776 2488 874 2549 socios
883 2489 940 2549 sibi
949 2489 1172 2563 conciliaverat,
1182 2489 1291 2549 horum

181 2597 353 2672 temporum
374 2593 442 2653 dico
462 2613 612 2654 memores
635 2596 749 2674 quanta
771 2593 965 2670 aegritudine
985 2588 1030 2652 illi
1045 2592 1173 2652 tulerint
1188 2595 1290 2671 putas,

178 2698 260 2778 quod
282 2698 358 2757 urbe
395 2698 531 2776 ipsorum
567 2697 738 2758 clarissima
775 2697 913 2757 funditus
943 2714 1054 2756 euersa
1082 2696 1114 2755 in
1143 2696 1291 2757 montium

179 2803 277 2862 saltus
300 2819 336 2862 ac
359 2802 507 2887 silvarum
529 2803 672 2862 tenebras
692 2801 752 2880 ipsi
775 2821 808 2861 se
830 2800 968 2879 recipere
987 2800 1085 2861 coacti
1107 2801 1199 2860 sunt?
1242 2798 1290 2860 Ac

177 2906 346 2986 principes,
373 2907 424 2986 qui
452 2906 489 2964 ab
517 2903 624 2964 Aenea
651 2907 684 2964 11
713 2905 757 2964 ita
785 2923 803 2964 a
834 2923 950 2964 summa
976 2904 1048 2978 dea,
1077 2903 1215 2979 Venere,
1258 2923 1292 2963 11

179 3011 304 3068 exortos
328 3028 397 3070 esse
419 3009 630 3087 gloriabantur
652 3012 765 3089 quanto
790 3008 894 3068 dolore
918 3006 1018 3068 affecti
1040 3011 1145 3068 essent
1163 3027 1291 3068 necesse

178 3111 244 3186 fuit,
267 3132 360 3192 quum
380 3131 467 3173 sacra
489 3113 625 3174 facerent
647 3113 828 3192 peregrinis,
849 3131 976 3193 quorum
998 3112 1107 3192 proavi
1127 3111 1292 3172 maioribus

177 3216 314 3294 ipsorum
330 3217 445 3278 bellum
459 3218 535 3278 illud
550 3217 776 3278 inclitissimum
796 3216 964 3278 intulerant
978 3218 1145 3298 urbemque
1160 3215 1292 3276 omnium

177 3319 412 3399 pulcherrimam
434 3324 467 3381 et
496 3321 722 3383 celeberrimam
750 3321 927 3384 diruerant?
972 3320 1036 3391 Qui
1057 3319 1122 3380 sine
1145 3319 1235 3379 dubio
1259 3319 1290 3378 in
1351 3333 1355 3340 ·

178 3442 235 3484 sua
255 3425 392 3504 ipsorum
417 3425 589 3486 conditione
611 3446 673 3487 non
696 3425 944 3507 acquiescebant,
970 3424 1025 3485 sed
1048 3423 1219 3484 fabularum
1234 3423 1291 3483 ‚vel

178 3529 216 3588 de
238 3530 376 3609 ipsorum
397 3528 511 3608 populo
534 3533 598 3590 toto
613 3532 666 3591 vel
682 3532 719 3591 de
740 3531 845 3608 regiae
862 3529 965 3607 gantis
982 3527 1100 3606 origine
1115 3527 1289 3605 divulgata-

179 3652 246 3692 rum
268 3653 390 3712 semper
411 3652 559 3693 memores
588 3634 648 3711 piis
676 3633 785 3693 animis
805 3636 838 3692 11
863 3650 956 3710 aegre
981 3633 1136 3692 fortunam
1156 3631 1290 3692 ferentes

181 3735 374 3813 splendorem
391 3755 427 3797 ac
442 3736 573 3815 gloriam
586 3737 734 3798 maiorum
754 3737 786 3796 in
804 3738 937 3797 mentem
952 3736 1147 3796 revocabant.
1185 3734 1291 3805 Quare

179 3839 334 3900 intereos
357 3841 490 3901 fabulam
514 3841 552 3900 de
575 3838 729 3900 Anchisae
752 3845 783 3900 ct
805 3839 935 3900 Veneris
958 3859 1142 3918 congressu,
1168 3858 1208 3898 ex
1231 3857 1290 3919 quo

178 3941 239 4021 ipsi
260 3945 362 4022 gentis
386 3945 536 4024 originem
558 3944 763 4019 deducebant,
792 3944 1009 4023 pervulgatam
1030 3943 1126 4003 fuisse
1146 3942 1214 4022 quis
1237 3960 1289 4001 ne-

180 4046 285 4124 gabit?
330 4047 415 4118 Quin
437 4049 528 4110 etiam
551 4048 720 4127 cupiditate
741 4048 851 4108 summi
865 4047 984 4126 imperii
1004 4045 1207 4125 recuperandi
1220 4064 1288 4123 per-

179 4149 253 4210 moti
276 4150 408 4211 fortasse
430 4154 609 4230 sperabant,
640 4152 705 4212 fore
730 4156 765 4211 111
795 4151 908 4211 auxilio
938 4153 970 4212 et
995 4169 1054 4230 cpe
1084 4150 1159 4208 deae
1180 4147 1289 4209 matris

178 4251 323 4315 amissam
344 4253 462 4331 regiam
477 4256 659 4335 dignitatem
682 4255 739 4316 sibi
753 4255 922 4315 reficerent.
968 4252 1119 4323 Quocirca
1134 4271 1175 4313 111
1196 4253 1289 4313 rebus

179 4359 329 4438 expositis
344 4358 598 4420 verisimillimum
620 4362 685 4434 est,
715 4358 848 4419 fabulam
877 4359 1012 4440 lepidam
1039 4358 1078 4422 de
1098 4356 1229 4420 Veneris
1258 4359 1290 4416 11
