3082 4936
21 3988 27 4120 q

623 301 841 363 ...55-

171 514 306 576 gumque
328 495 434 575 stirpe.
470 493 608 574 Namque
629 496 670 552 eri
683 491 730 567 iis,
754 509 832 573 quae
848 491 985 570 exposui,
1008 477 1115 552 videor
1129 509 1197 552 meo
1212 489 1278 551 iure

171 600 355 660 contendere
377 599 459 679 apud
481 585 629 658 ¹Troianos
651 596 711 672 vel,
736 597 762 656 si
784 595 890 672 mavis,
914 594 1049 656 Teucros
1068 595 1278 669 Dardanosve,

170 703 306 764 fabulam
319 723 390 764 esse
405 705 502 762 ortam
516 700 623 782 hymni
636 699 743 774 nostri,
768 699 880 780 quippe
904 719 996 780 quum
1017 699 1049 759 in
1064 718 1100 759 eo
1116 699 1154 759 de
1169 718 1279 776 regum

172 807 267 888 stirpe
293 809 397 868 exstet
426 806 533 866 eadem
562 803 679 884 opinio,
709 821 787 884 quae
817 805 938 863 tantum
957 803 1039 882 apud
1062 801 1210 864 Troianos
1234 805 1277 882 (et

171 911 313 992 Phryges
337 909 531 991 Lydosque),
552 927 613 967 non
636 908 739 967 autem
761 906 843 986 apud
865 903 1001 968 Graecos
1032 907 1278 986 deprehenditur.

170 1014 216 1075 De
240 1034 300 1096 qua
318 1034 352 1074 re
376 1014 403 1074 si
432 1014 500 1095 quis
522 1011 703 1092 uberiorem
720 1011 960 1090 disputationem
980 1011 1117 1092 requirit,
1141 1029 1209 1072 eam
1232 1012 1277 1072 in-

170 1120 275 1180 veniet
304 1119 338 1179 in
358 1117 518 1179 Klausenii
544 1115 623 1176 libro
655 1133 674 1176 a
702 1115 791 1176 nobis
820 1115 943 1194 saepius
970 1114 1095 1177 laudato
1131 1112 1279 1192 „Aeneas

170 1225 232 1284 und
255 1223 307 1283 die
324 1222 493 1290 Penaten.“

258 1327 427 1397 Quaeritur
448 1325 545 1404 igitur
565 1343 663 1399 nuno,
692 1343 766 1384 num
793 1341 834 1382 ex
855 1323 911 1384 hee
934 1324 1055 1384 fabulae
1077 1327 1202 1386 nostrae
1224 1343 1277 1385 na-

170 1434 243 1493 tura
265 1450 317 1506 ea,
339 1448 418 1511 quae
440 1426 628 1490 Graecorum
650 1427 772 1507 ingenio
796 1427 828 1488 in
847 1428 960 1508 hymno
980 1447 1042 1489 non
1063 1430 1279 1509 respondeant,

170 1535 293 1614 possint
315 1534 483 1615 explanari.
528 1530 575 1592 Ac
597 1532 678 1593 laeto
703 1531 801 1592 animo
825 1550 988 1612 possumus
1008 1531 1117 1608 dicere,
1138 1534 1279 1594 naturam

171 1638 302 1700 Veneris
332 1638 364 1698 in
393 1638 505 1716 hymno
538 1635 724 1715 descriptam
755 1636 868 1716 optime
900 1655 942 1696 ex
975 1636 1167 1717 opinionibus
1196 1637 1279 1717 apud

169 1744 299 1823 populos
315 1739 410 1802 Asiae
430 1741 555 1801 minoris
577 1740 615 1799 de
637 1758 748 1819 regum
770 1740 866 1819 stirpe
886 1739 1054 1819 divulgatis
1069 1760 1161 1821 posse
1181 1741 1278 1822 expli-

171 1847 242 1908 cari.
286 1845 366 1906 Nam
389 1845 416 1906 si
430 1847 509 1906 bene
523 1843 757 1918 meminerimus,
779 1843 849 1904 illos
865 1844 995 1924 populos
1007 1864 1116 1923 regum
1130 1845 1280 1924 originem

171 1951 208 2011 ab
233 1951 301 2031 ipsa
322 1950 380 2010 dea
401 1967 527 2026 magna,
556 1949 595 2007 de
624 1965 685 2028 qua
701 1947 799 2008 multa
821 1947 995 2023 attulimus,
1016 1950 1108 2030 atque
1129 1949 1206 2024 viro,
1230 1950 1279 2010 cui

170 2055 225 2115 illa
238 2055 332 2130 favet,
354 2053 491 2132 petiisse,
507 2070 568 2112 non
582 2050 772 2130 negabimus,
789 2051 820 2112 in
839 2052 896 2112 hoo
910 2053 1016 2113 nostro
1034 2053 1147 2133 hymno
1162 2052 1193 2113 id
1209 2074 1279 2114 esse

172 2161 342 2233 servatum,
370 2157 451 2238 quod
480 2155 603 2217 Troiani
629 2156 681 2216 vel
704 2155 815 2216 Teucri
842 2156 894 2217 vel
915 2155 1052 2217 Dardani
1077 2157 1115 2218 de
1143 2158 1279 2238 ipsorum

171 2279 280 2340 regum
298 2261 394 2341 stirpe
420 2259 582 2321 senserint.
626 2258 719 2331 Quod
742 2258 769 2320 si
792 2260 971 2335 statuimus,
999 2259 1105 2321 Venus
1128 2261 1280 2343 impudica

174 2364 384 2440 meretricula,
417 2363 517 2445 qualis
540 2364 673 2444 alioquin
694 2362 922 2440 videturesse,
946 2366 1048 2443 putari
1068 2365 1189 2426 desinit.
1233 2365 1280 2426 Ac

173 2487 282 2530 revera
301 2469 377 2529 deae
399 2469 485 2543 hanc,
502 2485 593 2548 quam
613 2469 764 2544 volumus,
787 2471 929 2528 naturam
948 2469 1141 2530 tribuendam
1155 2489 1225 2530 esse
1240 2489 1281 2530 ex

174 2573 250 2654 ipsis
264 2575 405 2634 veterum
421 2573 603 2652 scriptorum
616 2572 801 2633 testimoniis
824 2574 963 2633 concludi
977 2574 1082 2653 potest
1093 2576 1113 2633 1.
1157 2573 1282 2634 Etenim

174 2675 369 2738 Acusilans²
383 2694 526 2738 narrasse
553 2677 665 2753 fertur,
693 2694 711 2736 a
735 2675 858 2737 Venere
885 2679 984 2736 totum
1012 2676 1126 2737 bellum
1153 2677 1283 2738 troicum

175 2801 245 2843 esse
266 2783 455 2857 commotum,
475 2783 511 2841 ut
533 2781 573 2840 ad
594 2772 718 2858 gentem
739 2797 757 2840 a
780 2799 813 2840 se
834 2780 904 2860 ipsa
926 2782 1117 2861 procreatam
1137 2778 1282 2842 Troiano·

175 2905 244 2946 rum
255 2885 416 2965 imperium
430 2885 602 2945 deferretur
610 2883 630 2944 ⁸.
675 2882 792 2944 Similia
811 2885 943 2945 fortasse
964 2885 996 2945 in
1011 2883 1128 2945 Stasini
1143 2882 1283 2965 Cypriis⁴

177 2986 284 3050 Venus
306 2989 458 3068 agitabat,
490 2988 543 3049 ubi
566 2986 689 3048 Aeneas
711 2988 799 3048 iussu
819 2988 925 3048 matris
946 2987 1088 3049 Paridem
1111 2988 1143 3048 in
1164 2986 1285 3048 Helena

177 3093 325 3172 rapienda
355 3093 480 3153 adiuvit.
523 3089 566 3152 Et
597 3092 679 3173 quod
706 3091 758 3152 vel
789 3092 1007 3170 gravissimum
1029 3094 1092 3168 est,
1123 3092 1285 3154 edocemur

178 3194 230 3258 illo
240 3195 353 3257 scholio
363 3199 411 3274 (cf.
419 3198 520 3258 adnot.
531 3196 597 3275 ahj.
606 3196 680 3276 pg.),
698 3195 851 3257 Venerem
858 3194 1011 3258 Anchisae
1028 3196 1201 3276 complexui
1214 3214 1284 3256 sese

178 3301 317 3376 dedisse,
346 3307 381 3360 ut
411 3302 589 3380 progeniem
613 3304 791 3381 procrearet
819 3300 1109 3380 praeclarissimam,
1140 3318 1217 3380 quae
1245 3299 1284 3358 de

179 3403 379 3468 Troianorum
401 3405 537 3486 reliquiis
561 3406 780 3486 sempiternum
795 3408 954 3466 exerceret
968 3405 1135 3485 imperium,
1157 3404 1189 3463 id
1203 3401 1284 3482 quod

178 3509 211 3570 in
230 3504 361 3590 hymno⁵
375 3508 483 3570 Venus
506 3509 575 3588 ipsa
588 3511 783 3571 vaticinatur.
828 3509 875 3569 De
898 3527 957 3590 qua
967 3527 1001 3570 re
1015 3507 1170 3568 Romanos
1193 3506 1284 3567 valde

180 3615 327 3692 gloriatos
350 3631 419 3674 esse
441 3632 529 3674 nemo
558 3614 698 3691 ignorat,
729 3615 781 3695 qui
803 3614 936 3694 Vergihi
952 3610 1146 3674 Aeneidem⁶
1167 3611 1285 3671 adierit.

180 3715 315 3779 Necnon
325 3719 404 3779 levis
420 3717 595 3797 argumenti
609 3721 667 3794 est,
689 3720 770 3799 quod
781 3738 821 3780 ex
832 3717 965 3778 Homero
982 3715 1162 3778 concludere
1177 3734 1286 3795 possu-

251 3936 278 4001 1)
295 3933 415 3988 Klausen
433 3933 452 3988 l.
466 3933 486 3988 l.
497 3932 512 3986 Ι
524 3949 588 4002 pgg.
601 3933 635 3988 41
648 3934 676 3986 ct
689 3931 733 3986 42.

252 4022 279 4088 2)
298 4017 331 4073 oi.
343 4021 426 4075 schol.
444 4020 480 4076 ad
497 4018 576 4074 Iliad
597 4020 694 4083 2·,307.
777 4046 791 4072 ι

250 4108 276 4174 3)
295 4105 399 4175 Vergil.
418 4106 528 4161 Aeneid.
537 4105 570 4170 X,
580 4107 614 4160 42
625 4121 683 4173 sqq.

251 4197 278 4262 4)
297 4192 416 4263 Cyprios.
434 4193 449 4245 l
465 4193 494 4246 in
512 4193 598 4248 Procl.
615 4189 806 4246 chrestomath.

252 4281 278 4351 5)
296 4297 338 4334 vv.
357 4281 408 4334 leo
417 4281 445 4332 et
455 4281 513 4334 197.

254 4369 280 4435 6)
298 4366 331 4421 cf.
347 4381 387 4422 ex.
405 4381 446 4434 gr.
465 4365 510 4430 VI,
530 4366 677 4422 roo—854.

233 4473 347 4524 Thtele,
367 4472 540 4522 Prolegomons.
