3082 4936
557 308 773 370 “325-

109 479 172 562 non
192 502 253 565 iem
278 499 388 584 ubique
409 500 535 562 exstare
556 499 589 558 in
610 499 716 562 eadem
736 517 828 573 voce,
850 499 906 559 sed
927 497 1137 560 moribundum
1159 497 1220 558 iarn

111 625 182 668 csse
203 607 335 668 constat.
380 603 433 668 dic
453 605 485 666 in
507 603 619 683 hymno
642 622 735 664 voces
758 594 851 685 ἔργον
874 603 936 680 (vv.
958 606 986 663 6.
1011 607 1038 663 9.
1062 606 1111 663 21.
1136 601 1220 677 122),

111 703 206 782 εἰδὼς
240 711 376 788 (νν.44.
401 712 472 770 134.
497 708 587 784 278),
619 693 656 780 ὃς
685 727 724 768 ex
755 707 862 768 eadem
889 707 991 768 radice
1020 725 1055 767 ac
1089 697 1119 766 οἱ
1151 694 1222 764 eti

113 814 319 890 descendens,
349 800 502 880 drocone
529 813 593 889 (vv.
612 814 682 873 157.
707 811 780 887 196)
805 812 991 890 digammum
1021 828 1081 872 non
1099 810 1220 884 habent,

114 918 177 990 etsi
215 937 267 981 eas
294 918 341 978 uti
370 916 425 978 illa
454 916 559 978 littera
588 915 667 978 infra
692 916 865 978 accuratius
895 916 1100 978 ostendemus.
1152 915 1223 984 Qua

118 1022 314 1084 similitudine
345 1041 414 1082 cum
437 1019 569 1081 Homero
594 1022 762 1081 commotus
785 1030 833 1081 est
853 1020 1090 1096 Windisohiusl,
1112 1023 1148 1081 ut
1167 1040 1222 1100 pu-

117 1128 197 1190 taret
225 1145 319 1208 quum
347 1127 379 1187 in
408 1124 547 1186 omnibus
570 1123 692 1204 hymnis
714 1127 780 1186 tum
800 1125 832 1185 in
848 1127 954 1188 nostro
976 1125 1163 1204 digammum
1182 1124 1224 1184 ibi
1312 1195 1321 1217 i

116 1233 236 1294 tantum
260 1249 333 1292 esse
365 1229 578 1303 statrrendum,
611 1228 663 1289 ubi
684 1247 725 1288 ex
746 1227 872 1290 Homeri
892 1229 1074 1292 carminibus
1097 1229 1223 1310 hymno·

115 1336 256 1415 graphus
282 1335 334 1396 vel
349 1353 476 1396 uersum
497 1334 549 1394 vel
569 1353 680 1394 versus
702 1333 882 1413 particulam
905 1334 963 1394 sibi
984 1333 1138 1413 petiverit.
1181 1331 1225 1394 At

115 1441 242 1503 uidetur
263 1439 315 1501 ille
334 1439 492 1502 historiam
512 1437 668 1519 epicorum
688 1439 854 1500 carminum
871 1435 1058 1504 Graecorum
1072 1438 1225 1499 nonsatis

120 1546 262 1607 accurate
284 1544 499 1624 perspexisse,
526 1561 604 1624 quae
624 1561 681 1603 nos
706 1543 808 1618 docet,
837 1545 870 1603 et
892 1541 1059 1604 Homerum
1080 1544 1111 1604 et
1134 1542 1224 1622 rhap-

124 1648 215 1710 sodos
235 1667 275 1708 ex
294 1667 355 1708 uno
376 1648 548 1708 fabularum
564 1647 756 1728 antiquarum
772 1647 955 1709 carminibus
966 1646 1226 1709 iamconditarum

120 1753 203 1814 fonte
233 1752 382 1814 hausisse.
427 1749 516 1813 Unde
543 1750 682 1832 equidem
705 1751 861 1831 explicare
876 1751 980 1814 malim
1002 1753 1080 1813 hanc
1099 1753 1226 1833 hymno-

122 1877 190 1920 rum
212 1875 281 1918 cum
298 1855 434 1922 Homero
460 1855 704 1932 similitudinem,
729 1875 910 1939 quamquam
931 1877 993 1918 non
1015 1876 1109 1937 nego,
1131 1858 1227 1918 multa

118 1981 174 2042 per
201 1979 308 2024 casum
329 1961 381 2024 hio
401 1980 470 2022 esse
493 1961 575 2022 sacta
596 1980 689 2042 posse
711 1961 867 2044 multaque
889 1965 1012 2043 poetam
1030 1965 1169 2024 nostrum
1188 1983 1228 2023 ex

120 2065 247 2128 Homeri
269 2065 453 2128 carminibus
475 2065 535 2145 ipsi
556 2067 639 2126 certe
661 2067 862 2128 notatissimis
884 2085 920 2127 ac
940 2066 1144 2128 celeberrimis
1170 2067 1228 2128 sibi

121 2171 299 2252 sumpsisse.
344 2169 491 2232 Attamen
515 2171 568 2232 alii
590 2173 711 2232 restant
731 2172 804 2247 loci,
827 2172 895 2246 ubi,
916 2171 976 2232 nisi
998 2166 1058 2233 alia
1081 2172 1230 2251 digammi

119 2276 232 2338 indicia
260 2276 425 2352 accedunt,
457 2294 517 2336 non
543 2276 640 2357 liquet
668 2295 708 2337 ex
737 2277 822 2336 hiatu
853 2276 1053 2338 admisso-
1077 2277 1128 2359 qui
1152 2277 1228 2338 alias

120 2381 255 2443 fortasse
293 2383 388 2442 habet
413 2381 629 2444 excusationes
652 2417 712 2456 -,
740 2383 843 2443 utrum
867 2382 926 2442 hac
954 2400 1047 2443 voces
1077 2383 1228 2461 digammo

125 2485 186 2546 sint
214 2485 410 2548 instruendae
433 2504 536 2547 neone.
580 2485 762 2548 Huiusmodi
784 2505 894 2547 versus
919 2489 990 2547 sunt
1012 2507 1041 2546 r.
1060 2490 1078 2546 9
1102 2477 1133 2546 ol
1153 2479 1229 2548 ἅδον

124 2589 167 2668 (in
196 2607 273 2650 caes.
306 2591 490 2666 senilem),
512 2610 542 2652 v.
560 2595 601 2651 10
626 2581 690 2674 ἄρα
719 2582 749 2652 οἱ
770 2591 815 2668 (in
837 2609 916 2651 caes.
939 2591 1010 2670 post
1031 2590 1099 2669 ped.
1121 2590 1230 2670 prim),

121 2714 157 2756 τε
180 2687 259 2756 ἅδον
282 2694 326 2773 (in
349 2713 427 2756 caes.
450 2695 518 2775 ped.
533 2693 584 2756 HI
599 2695 764 2774 trocheis),
785 2716 815 2757 v.
835 2699 871 2755 11
890 2689 994 2776 ἀγλαὰ
1013 2685 1075 2776 ἔργ’
1092 2694 1135 2774 (in
1151 2713 1230 2756 caes.

125 2799 251 2876 buoch),
273 2820 303 2860 ν,
328 2801 367 2861 15
389 2791 489 2880 datad
512 2791 576 2881 ἔργ’
599 2800 642 2877 (in
665 2818 744 2863 caes.
767 2801 838 2880 post
857 2800 926 2879 ped.
946 2798 1061 2879 prim),
1082 2819 1112 2860 v.
1129 2803 1169 2861 18
1192 2799 1232 2884 τῇ

126 2895 185 2964 dor
208 2904 251 2981 (in
277 2921 356 2964 caes.
378 2905 531 2965 semitern.
551 2908 584 2965 et
605 2904 742 2984 produot.
762 2904 869 2986 litt-y)
891 2902 924 2964 in
938 2903 999 2964 dat.
1013 2903 1103 2983 singl.
1118 2904 1231 2982 nimia),

129 3027 159 3066 v.
176 3011 216 3072 21
240 3007 334 3091 accep)
352 3001 428 3070 ἅδον
452 3009 496 3088 (in
519 3027 598 3072 caes.
620 3009 774 3088 semisept.
795 3010 827 3069 et
841 3009 979 3089 product,
994 3009 1102 3093 litt-y)
1124 3008 1156 3069 in
1171 3009 1231 3070 dat.

127 3111 219 3192 singl.
242 3111 352 3191 nimia),
375 3135 398 3174 ν.
414 3117 455 3175 41
475 3107 557 3194 μέγα
578 3101 665 3186 εἶδος
687 3113 730 3192 (in
750 3131 829 3174 caes.
852 3115 923 3193 post
937 3113 1006 3193 ped.
1020 3112 1128 3193 prim),
1149 3134 1178 3174 v.
1191 3117 1232 3174 64

121 3211 199 3300 χροῒ
218 3211 333 3295 sillone
355 3217 399 3295 (in
422 3237 500 3280 caes.
522 3219 589 3279 bno.
611 3219 644 3278 et
667 3218 703 3278 ob
719 3221 764 3293 ,a‘
778 3217 810 3278 in
824 3217 885 3280 dat.
899 3217 989 3297 singl.
1004 3217 1107 3295 num),
1129 3238 1158 3279 v.
1171 3221 1231 3279 139

125 3340 161 3382 ss
185 3313 264 3394 ὅλος
279 3320 327 3398 (in
347 3340 427 3382 caes.
449 3324 519 3384 tert
541 3322 610 3402 ped.
628 3320 745 3399 broch),
767 3341 796 3382 r.
815 3325 877 3384 164
897 3315 936 3383 ds'
952 3313 983 3382 ol
998 3322 1043 3400 (in
1059 3341 1139 3384 caes.
1162 3325 1234 3402 post

125 3425 195 3506 ped.
225 3424 342 3506 prim),
374 3429 481 3488 v.171
507 3422 581 3508 χροὶ·
601 3419 709 3488 ἕννυτο
728 3427 779 3504 (ob
801 3447 815 3486 ι
840 3427 901 3488 dat.
926 3426 1051 3506 singul.)
1074 3429 1106 3487 et
1128 3419 1235 3488 ἕννυτο

125 3526 242 3610 εἵματα
273 3530 317 3607 (in
346 3549 427 3592 caes.
455 3531 551 3606 hue),
574 3551 603 3592 v.
621 3532 682 3593 185
704 3524 771 3592 esd
794 3520 863 3592 ἴδον
886 3531 929 3610 (in
952 3549 1031 3592 caes.
1056 3531 1234 3611 semisept.)

124 3651 154 3696 r.
181 3636 244 3697 235
275 3627 312 3696 de'
343 3627 375 3696 oi
404 3635 448 3714 (in
478 3653 557 3697 caes.
589 3637 660 3716 post
681 3636 751 3716 ped.
773 3635 888 3731 prim.)
924 3633 1067 3698 Alterum
1089 3636 1236 3716 digammi

123 3739 270 3802 indicium
300 3739 472 3816 metricum,
502 3742 538 3828 ut
563 3739 608 3800 ita
637 3739 749 3816 dicam,
777 3742 827 3802 est
853 3740 1029 3820 productio,
1059 3740 1111 3802 vel
1133 3741 1236 3821 potius

126 3844 259 3906 dixerim
281 3863 342 3904 non
365 3863 436 3906 esse
458 3846 633 3924 corruptam
654 3843 791 3906 vocalem
805 3845 931 3924 longam
944 3844 997 3906 vel
1012 3844 1236 3927 diphthongum

126 3951 201 4010 ante
222 3967 343 4024 rocem,
367 3969 445 4030 quae
467 3950 618 4030 digammo
638 3947 735 4008 utitur
754 3983 793 3995 -
818 3950 960 4030 exempla
984 3951 1056 4010 sunt
1077 3949 1109 4009 in
1131 3950 1237 4032 hymni

125 4073 179 4114 vv.
203 4056 252 4113 21.
278 4056 327 4113 30.
350 4055 400 4113 48.
424 4054 473 4114 52.
504 4052 642 4115 Tertium
664 4052 795 4134 denique
817 4054 970 4116 indicatur
992 4055 1186 4136 digammum,
1211 4055 1237 4116 si

127 4160 200 4218 ante
215 4173 322 4218 vocem
337 4156 488 4235 digammo
503 4158 613 4222 initiali
628 4158 838 4220 instruendam
852 4159 937 4221 vocis
947 4159 1105 4240 proximae
1117 4159 1238 4240 syllaba

129 4281 159 4288 ...-
167 4279 370 4287 ...ά-..-

202 4323 230 4394 1)
249 4323 283 4378 In
300 4324 522 4380 commentatione
540 4325 582 4380 De
598 4325 706 4394 hymnis
718 4326 859 4382 homericis
872 4326 1017 4382 maioribus
1031 4326 1239 4400 (Lipsiae186'l)

127 4429 174 4482 pg.
194 4413 213 4468 5
233 4411 364 4480 expressis
381 4411 469 4468 verbis
487 4412 537 4468 hoe
555 4412 628 4468 dicit.
1016 4488 1064 4550 μ
