3082 4936
703 332 919 390 ..10-

256 534 306 576 res
329 516 461 578 traotata
479 519 572 592 esset,
594 516 626 577 in
646 536 741 577 unum
763 515 1030 578 oonfunderentur.
1061 517 1186 580 Etenim
1205 520 1272 581 ille:
1302 521 1365 595 ‚De

255 619 445 699 majoribus,‘
465 621 594 703 inquit,l
616 620 755 696 ,Homeri
774 621 896 702 hymnis
917 622 1021 683 nullus
1037 625 1095 698 est,
1117 641 1208 704 quam
1226 623 1278 684 alii
1292 643 1365 704 poe-

256 725 307 784 tae
324 744 385 785 non
407 724 677 805 interpolaverint:
700 724 925 805 conjunxerunt
948 727 1028 787 enim
1039 726 1155 788 librarii
1171 727 1365 790 diversarum

255 828 467 890 recensionum
488 829 654 890 lectiones?
697 829 789 900 Quod
811 829 843 890 in
860 849 964 892 omnes
980 830 1110 912 hymnos
1126 831 1257 892 maiores
1274 833 1364 908 eadit,

255 932 288 992 id
322 933 353 994 in
381 934 521 995 nostrum
551 953 672 1016 quoque
700 935 847 1014 hymnum
875 935 965 995 eadat
993 955 1121 997 neeesse
1150 938 1207 997 est.
1255 934 1366 1018 Itaque

255 1035 322 1115 agit
349 1036 545 1098 Hermannus
573 1038 605 1098 in
635 1037 768 1098 editione
797 1039 860 1118 (pg.
877 1040 1037 1118 89-95)
1067 1041 1105 1100 de
1135 1040 1242 1120 hymni
1271 1040 1365 1101 inter-

255 1137 469 1221 polationibus,
493 1161 569 1224 quas
592 1161 662 1202 esse
681 1142 773 1203 iubet.
818 1142 911 1204 Putat
933 1144 1014 1204 enirn
1035 1145 1116 1204 hune
1138 1162 1258 1225 quoque
1278 1144 1365 1225 hym-

256 1265 328 1306 num
350 1266 368 1307 e
391 1247 518 1308 duabus·
531 1247 759 1308 recensionibus
782 1266 852 1308 esse
874 1249 1052 1324 oonflatum,
1088 1267 1216 1329 quarum
1238 1247 1367 1309 alteram

256 1350 354 1410 oodex
378 1350 601 1412 Moseoviensis
624 1351 716 1429 (nune
737 1349 910 1430 Leidensis)
932 1387 976 1396 -
998 1371 1077 1413 anno
1097 1352 1365 1414 nenotenarsis

256 1453 458 1515 bibliothecae
489 1453 519 1516 S.
542 1453 661 1536 Synodi
691 1454 846 1528 aChrist.
880 1453 951 1516 Frd.
997 1455 1166 1516 Matthiaeo
1191 1457 1299 1516 erutus
1323 1491 1367 1500 -

257 1557 290 1617 ef
300 1557 466 1620 Baumeist.
481 1559 599 1639 proleg.
614 1578 666 1640 pg.
683 1563 724 1622 93
741 1595 781 1603 -
798 1559 835 1622 of.
851 1578 945 1640 supra
960 1561 1088 1640 praefat.
1108 1579 1159 1640 pg.
1177 1555 1219 1643 2),
1237 1539 1367 1620 alteram

131 1663 134 1670 “
257 1661 352 1723 ceteri
386 1663 506 1724 eodioes
544 1666 721 1745 sequuntur.
774 1663 875 1734 Quam
906 1664 1078 1745 opinionem
1107 1667 1143 1724 ut
1173 1662 1367 1724 confirmaret

255 1765 451 1828 Hermannus
475 1767 598 1848 singula
620 1768 849 1830 accuratissime
871 1769 1024 1830 tractavit.
1049 1768 1259 1829 Hermannum
1280 1786 1369 1848 prae-

258 1872 412 1950 eeptorem
442 1873 564 1952 exeepit
582 1873 654 1933 Frd.
672 1872 842 1948 Frankius,
876 1873 928 1954 qui
958 1891 1140 1955 quamquam
1162 1873 1200 1934 de
1226 1874 1292 1933 tota
1311 1857 1368 1952 hy·

256 1993 395 2035 mnorum
429 1976 608 2053 eolleotione
637 1960 821 2038 sententiam
842 1977 914 2037 tulit
935 2012 978 2022 —
999 1981 1088 2058 putat
1117 1977 1210 2052 enim,
1238 1977 1371 2057 hymnos

257 2079 388 2140 maiores
410 2099 481 2142 esse
501 2084 657 2163 tamquam
679 2081 815 2142 earmina
835 2081 973 2142 aditialia
996 2066 1183 2164 (προσόδια)
1206 2079 1238 2140 in
1258 2097 1370 2159 pompa

257 2182 296 2242 ad
325 2184 474 2264 templum
495 2186 659 2247 ascedente
681 2187 819 2248 cantata:
842 2187 878 2246 of.
900 2187 996 2267 praef.
1016 2207 1068 2266 pg.
1091 2183 1174 2246 XIX
1194 2219 1245 2260 -,
1267 2186 1370 2245 tamen

258 2286 296 2347 de
318 2287 432 2368 hymno
455 2292 559 2351 nostro
583 2290 732 2370 singulari
754 2309 815 2351 non
838 2291 912 2370 agit.

342 2389 465 2472 Agmen
480 2394 632 2455 editorum
647 2394 801 2455 ooneludit
815 2393 1055 2469 Baumeisterus,
1071 2391 1158 2454 ouius
1174 2391 1266 2453 editio
1281 2393 1370 2473 hym-

260 2512 368 2556 norum
399 2497 495 2558 maior
522 2516 548 2558 a.
567 2501 652 2559 1860
682 2498 713 2558 in
742 2497 842 2559 lucem
865 2496 988 2578 prodiit.
1015 2496 1048 2557 Is
1071 2497 1152 2557 enim
1174 2496 1206 2556 in
1228 2497 1370 2576 prolego-

258 2599 355 2660 menis
391 2602 554 2681 postquam
591 2603 721 2682 hymnos
752 2621 856 2662 omnes
887 2599 1020 2662 Homero
1051 2600 1270 2662 abiudioandos
1300 2619 1372 2661 esse

259 2704 409 2778 ostendit,
437 2705 612 2784 suspicatur
640 2725 693 2766 eos
721 2725 778 2788 per
805 2705 1051 2780 Onomaeritum,
1084 2725 1174 2786 quem
1206 2704 1270 2784 (pg.
1296 2704 1371 2781 103)

258 2806 508 2886 interpolatorem
535 2807 661 2870 Homeri
691 2809 824 2871 clamant
853 2829 957 2872 omnes
985 2812 1017 2871 et
1039 2811 1071 2871 in
1092 2807 1262 2870 Hesiodum
1284 2827 1372 2888 gras-

260 2913 361 2972 satum
386 2931 456 2972 eum
485 2931 556 2974 esse
581 2933 680 2994 nuper
704 2917 860 2995 repertum
893 2917 957 2989 est,
988 2914 1039 2975 vel
1062 2933 1118 2993 per
1141 2913 1207 2974 eius
1226 2912 1373 2973 familiam

260 3035 331 3077 esse
353 3017 546 3097 compositos,
569 3021 603 3080 ut
625 3019 761 3098 ipsorum
783 3019 914 3080 novellis
938 3017 1138 3096 religionibus
1161 3051 1205 3060 -
1219 3015 1371 3095 Orphioas

258 3124 335 3201 puta
357 3156 401 3166 —
424 3122 670 3184 benevolentiam
696 3125 851 3185 eommode
882 3124 1056 3184 conflarent.
1108 3121 1179 3192 Qua
1208 3139 1249 3180 ex
1272 3119 1371 3180 eonie-

260 3225 590 3289 oturaBaumeisterus
613 3228 745 3290 laceram
767 3230 799 3289 et
821 3227 1038 3308 interpolatam
1058 3226 1187 3286 formam
1202 3223 1374 3285 carminum

261 3329 326 3390 fere
341 3330 474 3392 omnium
490 3333 732 3393 commodissime
744 3351 837 3412 posse
849 3331 997 3412 explicari
1008 3330 1088 3391 dieit.
1117 3328 1214 3390 Miror
1224 3327 1374 3408 equidem,

262 3435 344 3515 quod
371 3435 420 3496 vir
443 3437 620 3518 oeteroquin
652 3436 863 3510 cautissimus,
898 3435 949 3515 qui
977 3433 1165 3495 eoniieiendo
1185 3437 1250 3494 tam
1271 3433 1375 3492 arctos

262 3539 367 3619 posuit
389 3538 475 3616 fines,
498 3541 529 3602 in
552 3543 616 3602 tem
639 3541 786 3602 audacem
808 3539 1022 3614 oonieoturam,
1046 3555 1125 3620 quae
1140 3537 1225 3597 nulla
1240 3539 1326 3596 oerta
1341 3553 1375 3596 re

263 3642 410 3720 firmatur,
436 3644 551 3707 ineidit.
605 3645 718 3706 Melius
747 3645 860 3706 iudicat
884 3645 946 3724 (pg.
968 3643 1044 3722 250)
1066 3643 1104 3703 de
1125 3642 1238 3722 hymno
1261 3641 1375 3701 nostro.

262 3747 386 3809 Etenim
416 3769 456 3810 ex
482 3752 594 3810 natura
615 3749 763 3825 Veneris,
786 3748 885 3830 qualis
898 3749 943 3831 Uin,
961 3750 1074 3829 hymno
1095 3748 1201 3807 nostro
1225 3747 1290 3819 est,
1313 3763 1375 3805 non

263 3852 404 3913 dissimili
432 3872 563 3934 magnae
590 3855 681 3914 matri
707 3854 760 3914 rel
788 3851 895 3915 Rheae
915 3851 1071 3932 Phrygiae
1093 3853 1184 3911 etex
1204 3868 1256 3924 eo,
1294 3847 1376 3930 quod

263 3960 478 4036 argumentum
499 3958 606 4038 hymni
626 3960 724 4019 totum
745 3961 794 4020 est
815 3959 847 4018 in
870 3955 982 4018 fabulis
1002 3954 1127 4030 Troicis,
1150 3953 1298 4034 hymnum
1315 3970 1377 4012 non

263 4065 335 4122 ante
364 4080 432 4122 eam
462 4063 608 4137 aetatem,
637 4081 697 4144 qua
724 4063 827 4124 cultus
850 4079 981 4141 magnae
1003 4058 1110 4120 matris
1133 4057 1215 4137 apud
1239 4053 1376 4118 Graecos

263 4163 359 4228 Asiae
386 4165 501 4227 incolas
531 4165 676 4243 invaluit,
705 4166 804 4248 iisque
826 4166 918 4241 loeis,
946 4164 998 4225 nbi
1019 4147 1079 4224 hae
1100 4162 1223 4224 fabulae
1245 4179 1301 4240 per
1323 4177 1377 4220 ora

336 4401 362 4470 1)
381 4417 427 4472 rs·
446 4400 504 4456 XX·
