3082 4936
636 349 850 408 ...¹¹17—

189 539 383 600 notissimum
399 541 454 599 est.
500 538 545 599 Ao
567 541 660 618 poeta
681 540 787 598 noster
805 556 876 597 eum
899 540 1023 598 secutus
1045 541 1095 600 est
1114 573 1158 584 —-
1172 538 1208 600 cf.
1224 557 1296 601 com.

191 641 1298 723 nffifflfflffimmmffimmmmmmmm

191 747 312 806 nionem
329 745 511 806 discessisse
524 765 586 816 non
600 744 732 824 putabis,
757 763 848 823 quum
865 749 1006 821 statuam,
1029 743 1300 826 Gergithibus

191 849 229 909 in
250 851 347 910 urbe
368 847 613 909 Teucrorum
635 848 678 908 in
703 865 803 924 agro
820 846 990 910 Cumano
1010 849 1093 910 sita
1114 851 1299 930 hymnum,

191 953 236 1012 de
271 973 346 1032 quo
386 952 634 1030 agimus,in
672 950 868 1011 Venerem
904 972 997 1013 esse
1034 955 1301 1034 compomtum

192 1056 384 1136 arhapsodo
408 1057 545 1136 quodam,
569 1056 620 1133 qui
642 1055 674 1115 in
696 1053 753 1114 hac
767 1055 895 1133 regione
915 1075 955 1116 ex
977 1057 1198 1135 rhapsodorum
1217 1077 1301 1119 more

191 1162 324 1221 fortasse
346 1160 520 1238 vagabatur
539 1162 570 1218 et
590 1160 649 1219 hue
672 1159 745 1218 illuc
766 1159 926 1236 migrabat.
971 1159 1125 1221 Audiebat
1147 1163 1227 1222 enim
1249 1162 1303 1222 ille

190 1264 323 1324 fortasse
351 1263 486 1323 fabulam
510 1264 548 1323 de
572 1261 705 1322 Veneris
736 1263 767 1321 et
789 1260 943 1322 Anchisae
973 1283 1144 1343 congressu
1163 1266 1301 1348 praecla-

192 1367 343 1428 rissimam
365 1371 398 1426 et
418 1367 518 1428 fusius
541 1367 624 1446 apud
645 1366 715 1427 illos
736 1363 871 1426 Teucros
893 1371 1083 1443 enarratam,
1111 1369 1198 1430 cuius
1221 1371 1303 1448 apud

193 1470 359 1532 Homerum
388 1474 507 1530 tantum
539 1470 673 1548 vestigia
701 1470 850 1548 quaedam
880 1475 1006 1532 exstare
1035 1491 1096 1533 non
1131 1473 1302 1551 ignorabat.

193 1573 263 1644 Qua
290 1592 365 1634 vero
402 1592 470 1634 eum
500 1592 590 1633 usum
621 1593 692 1633 csse
721 1574 760 1632 ad
790 1575 975 1653 prooemium
1004 1575 1222 1636 conficiendum
1244 1597 1305 1638 non

192 1680 275 1758 puto.
320 1675 445 1737 Etenim
459 1695 646 1757 ¹quamquam
666 1681 787 1739 constat
810 1695 828 1736 a
850 1677 1011 1757 rhapsodis
1035 1698 1156 1758 semper
1177 1681 1303 1760 rhapso-

137 1819 139 1828 ι
192 1781 275 1855 diae,
310 1799 401 1861 quam
426 1799 535 1841 canere
562 1781 722 1856 volebant,
756 1780 927 1860 praefixum
955 1801 1025 1842 esse
1055 1785 1241 1861 prooemium
1268 1804 1305 1845 eo

193 1884 384 1959 consiliant
406 1885 457 1944 dei
477 1885 508 1944 in
527 1883 691 1962 rhapsodia
713 1883 858 1944 celebrati
879 1883 1010 1945 honores
1031 1885 1182 1963 efferrent,
1202 1893 1304 1948 tamen

193 1988 297 2049 fabula
311 1998 416 2049 nostra
430 1988 488 2048 fuit
503 1988 631 2047 materia
652 1987 757 2065 inepta
781 2005 816 2047 ac
840 1987 944 2047 maior.
983 1988 1025 2048 Et
1049 2009 1117 2048 cum
1132 1990 1305 2051 Mathiaeo1

193 2093 364 2169 interrogo,
401 2092 468 2170 quis
489 2091 561 2166 fuit,
592 2091 643 2170 qui
666 2110 758 2169 quum
779 2088 947 2150 Homerum
977 2093 1083 2153 audire
1112 2094 1221 2169 vellet,
1242 2097 1302 2154 tre-

194 2196 291 2256 centis
320 2199 430 2274 poetae
460 2194 612 2254 inferioris
634 2195 776 2255 versibus
803 2214 915 2274 pronas
938 2196 1026 2255 daret
1046 2197 1156 2257 aures?
1199 2197 1304 2268 Quare

194 2319 292 2378 neque
326 2301 473 2380 hymnum
504 2302 643 2358 nostrum
679 2317 776 2378 neque
812 2301 931 2358 ceteros
968 2299 1098 2379 hymnos
1135 2301 1303 2362 homericos

195 2403 324 2463 maiores
340 2422 410 2463 esse
422 2420 477 2482 pro
493 2401 656 2481 prooemiis
670 2401 826 2461 habendos
838 2420 956 2462 censeo.
1000 2401 1085 2463 Nihil
1097 2408 1199 2464 autem
1213 2424 1306 2484 posse

196 2507 336 2568 concludi
357 2502 616 2566 Baumeisterus²
644 2508 728 2565 recte
752 2505 826 2565 dicit
855 2525 895 2566 ex
920 2506 1042 2566 notione
1069 2509 1192 2587 propria
1219 2509 1305 2570 vocis

196 2604 377 2694 conciperer,
402 2628 489 2689 quarn
509 2611 706 2690 usurpaverit
730 2609 925 2689 Thucydides
947 2611 1015 2670 libr.
1036 2609 1094 2670 ΠΙ,
1115 2630 1161 2690 cp.
1179 2615 1242 2672 104
1267 2613 1306 2674 de

196 2717 309 2796 hymno
330 2715 362 2774 in
382 2713 557 2793 Apollinem
578 2713 708 2790 Delium,
731 2713 802 2792 quia
824 2732 864 2773 ex
887 2713 934 2788 iis,
954 2733 1032 2793 quac
1054 2715 1193 2776 attulerit
1212 2714 1304 2776 Stall-

197 2818 336 2878 baumius
359 2818 399 2876 ad
413 2817 490 2879 Plat.
505 2817 696 2896 Phaedrpg.
720 2820 760 2877 60
784 2816 861 2877 satis
883 2818 964 2877 clare
978 2819 1114 2897 prodeat,
1138 2820 1305 2898 prooemio·

198 2941 265 2981 rum
291 2940 402 2981 nomen
432 2921 471 2981 de
497 2921 642 2981 universo
671 2939 784 2999 genere
811 2921 994 3000 hymnorum
1023 2922 1054 2982 in
1076 2921 1250 3002 Apollinem
1273 2925 1306 2985 in

198 3045 257 3085 usu
286 3026 389 3086 luisse.
435 3024 587 3095 Quocirca
613 3027 738 3104 puto,a
760 3024 928 3103 rhapsodo,
952 3025 1003 3104 qui
1022 3025 1157 3086 fabulam
1179 3027 1218 3087 de
1239 3026 1303 3088 An-

198 3129 300 3189 chisae
329 3136 361 3189 et
387 3127 518 3190 Veneris
545 3148 714 3208 congressu
749 3129 801 3188 vel
829 3129 945 3207 primus
973 3129 1025 3189 vel
1053 3129 1161 3204 latiore
1191 3131 1307 3192 ambitu

198 3233 366 3308 audiverit,
394 3251 461 3292 eam
490 3234 522 3293 in
542 3233 668 3292 sormam
691 3231 857 3312 poeticam,
886 3249 964 3310 quae
986 3233 1068 3312 apud
1090 3230 1224 3295 Graecos
1242 3244 1307 3296 tum

197 3343 265 3398 erat
287 3337 382 3417 opica,
404 3338 560 3398 redactam
583 3356 669 3412 esse,
697 3338 788 3416 prout
809 3333 1008 3415 Gergithibus
1031 3337 1307 3400 circumferebatur.

197 3439 307 3502 Ortum
325 3442 422 3520 igitur
443 3445 492 3502 est
513 3460 636 3502 carmen
650 3441 777 3520 epicum,
800 3459 927 3521 quorum
941 3441 1039 3501 multa
1057 3459 1076 3501 a
1091 3440 1219 3504 Graecis
1243 3448 1307 3503 tum

197 3547 336 3606 coniecta
371 3548 450 3605 sunt.
501 3544 582 3604 Hinc
618 3545 672 3604 illa
701 3544 887 3605 homericum
922 3545 1042 3606 dicendi
1078 3563 1177 3624 genus
1209 3566 1308 3627 paene

198 3649 371 3732 adaequans
388 3648 483 3708 oratio
499 3648 605 3728 hymni
627 3649 734 3722 nostri,
757 3649 870 3728 quippe
890 3668 1066 3730 quaquam
1088 3668 1107 3709 a
1129 3651 1230 3729 poetis
1244 3651 1307 3711 illis

198 3753 357 3814 homericis
376 3747 467 3836 (quos
482 3771 563 3812 nunc
577 3752 747 3831 rhapsodos
761 3747 921 3835 vocamus)
936 3753 1062 3813 inventa
1076 3754 1197 3834 legibus
1213 3755 1306 3815 ce1tis

198 3858 365 3918 constituta
399 3859 499 3932 esset,
541 3875 634 3935 quum
672 3875 775 3917 omnes
815 3864 881 3917 tum
908 3859 1080 3938 rhapsodus
1114 3868 1220 3919 noster
1261 3859 1307 3920 uti

198 3961 330 4021 calleret.
389 3961 470 4021 Hinc
508 3959 585 4021 illud
616 3960 894 4040 praeclarissimum
926 3954 1027 4041 ὕμνου
1064 3954 1307 4044 ὃμηρικωτάτου

197 4084 320 4141 nomen,
354 4065 423 4125 hinc
450 4065 581 4144 denique
608 4069 693 4125 totus
724 4065 764 4124 ad
794 4066 937 4125 carminis
970 4065 1048 4146 epici
1072 4065 1307 4143 praeclarissimi

271 4318 297 4386 1)
314 4315 349 4370 cf.
365 4331 432 4369 com.
451 4331 477 4370 n.
496 4332 542 4386 pg.
555 4319 580 4373 8.

269 4403 298 4474 2)
316 4404 335 4457 l.
355 4404 373 4456 l.
391 4419 436 4471 pg.
452 4405 510 4459 101.
