3082 4936
703 285 918 343 „54..

263 479 346 521 mum
368 459 446 522 illud
469 477 581 520 numen
603 459 635 520 in
656 457 731 520 Idae
747 459 876 520 saltibus
900 459 1064 532 colebatur,
1087 457 1245 538 opiniones
1269 479 1304 521 ac
1322 479 1373 522 co-

261 563 427 644 gitationes
451 584 544 646 quum
566 583 623 644 per
643 563 812 643 migrantes
843 563 920 624 alios
949 563 1080 643 populos
1109 566 1177 625 tum
1202 565 1374 626 vicinarum

259 669 397 748 gentium
425 667 621 749 opinionibus
643 669 848 730 mutabantur.
893 668 1077 750 Priusquam
1094 665 1174 730 vero
1193 669 1231 734 de
1257 670 1315 732 hac
1336 690 1372 730 re

260 772 382 854 aliquid
404 771 575 848 afferamus,
599 773 674 834 libet
696 773 839 853 praefari,
858 791 906 834 me
926 773 958 834 in
979 773 1036 833 hac
1058 775 1126 834 tota
1140 773 1319 855 quaestione
1341 773 1374 834 in

258 895 427 958 paucorum
438 880 558 938 tantum
567 877 721 953 librorum,
733 897 809 958 quos
821 879 951 958 optimos
961 897 1031 938 esse
1041 878 1168 938 edoctus
1178 897 1254 953 sum,
1267 879 1369 940 aucto·

259 981 352 1044 ritate
368 980 567 1064 acquievisse.
604 982 651 1042 De
670 982 883 1063 antiquissima
906 980 986 1042 enim
1003 983 1105 1062 gentis
1125 983 1239 1043 troicae
1268 983 1370 1044 condi·

259 1086 343 1146 tione
368 1085 457 1146 docte
477 1104 513 1148 ae
532 1085 655 1166 copiose
679 1085 850 1167 disputavit
876 1085 910 1146 B.
926 1083 1042 1147 Giseke
1057 1085 1370 1164 (Thrakisch·Pelas·

261 1189 374 1268 gische
399 1181 532 1251 Sia'mme
563 1191 619 1251 der
647 1190 919 1252 Belkanhalbinsel
949 1191 1012 1251 und
1040 1191 1105 1250 ihre
1127 1189 1374 1270 Wanderungen

261 1293 292 1355 in
316 1294 504 1375 mythischer
526 1293 600 1370 Zeit,
620 1294 748 1375 Leipzig
766 1296 858 1370 1858,
882 1297 913 1355 et
937 1293 1135 1356 Homerische
1149 1293 1373 1375 Eorschungen

261 1416 287 1458 a.
321 1401 421 1473 1864,
447 1417 499 1478 pg.
525 1399 682 1481 13111),
723 1399 774 1481 qui
811 1400 1001 1478 argumentis
1041 1400 1115 1460 satis
1145 1398 1241 1460 firmis
1272 1403 1304 1460 et
1333 1420 1374 1461 ex

262 1502 468 1582 geographiae
491 1503 697 1584 historiaeque
720 1503 838 1564 ratione
861 1499 967 1583 petitis
994 1503 1216 1578 demonstrat¹,
1248 1505 1369 1565 commi·

263 1608 421 1686 gratiores
444 1608 630 1688 populorum
654 1608 865 1688 antiquissimo
896 1611 1033 1688 tempore
1061 1627 1215 1690 nunquam
1246 1629 1286 1670 ex
1306 1609 1369 1670 Eu·

263 1731 339 1791 repa
368 1712 400 1773 in
428 1709 535 1773 Asiam
566 1713 663 1773 factas
693 1731 778 1788 esse,
807 1713 988 1793 praesertim
1019 1713 1045 1773 si
1073 1714 1227 1773 terrarum
1258 1717 1291 1773 et
1317 1733 1372 1793 po-

263 1818 404 1899 pulorum
424 1817 560 1879 ordinem
576 1818 726 1879 historiae
740 1818 853 1878 iumine
874 1818 1063 1879 illustratum
1085 1820 1162 1878 bene
1176 1819 1371 1898 perspexeri-

263 1942 339 1983 mus.
383 1921 479 1983 Immo
500 1941 573 1983 vero
595 1923 750 1983 contendit
771 1923 820 1983 vir
843 1923 951 1982 doctus
976 1941 1031 1982 suo
1054 1923 1120 1982 iure
1150 1941 1190 1982 ex
1213 1941 1263 1996 eo,
1292 1922 1373 2004 quod

263 2026 435 2107 posteriore
456 2028 593 2106 tempore
615 2027 646 2088 in
666 2024 743 2087 Asia
765 2027 821 2087 vix
843 2026 965 2087 nomina
987 2026 1217 2102 Dardanorum,
1240 2025 1373 2107 Mygdo-

264 2150 353 2205 num,
382 2129 557 2211 Mysorum,
582 2130 687 2211 populi
717 2131 820 2190 autem
844 2131 875 2190 in
894 2129 1019 2211 Europa
1037 2131 1248 2206 inveniantur,
1280 2150 1373 2210 posse

265 2234 412 2310 concludi,
431 2236 561 2316 populos
581 2235 650 2296 illos
672 2255 712 2296 ex
732 2233 809 2296 Asia
830 2235 862 2295 in
884 2233 1039 2315 Europam
1060 2235 1215 2314 migrasse
1241 2239 1372 2314 excepto

265 2339 489 2420 unoPhrygum
501 2340 624 2420 populo,
635 2341 688 2422 qui
698 2343 804 2401 tantus
814 2340 932 2414 fuisset,
947 2345 981 2400 ut
990 2342 1110 2419 partem
1121 2341 1153 2398 in
1160 2337 1237 2399 Asia
1253 2357 1371 2400 reman-

267 2443 354 2519 sisse,
372 2447 492 2524 partem
507 2443 705 2525 inEurcpam
716 2444 940 2522 commigrasse,
959 2443 1011 2524 qui
1033 2442 1293 2524 suntBrygi2ve1
1305 2444 1374 2505 Bri·

267 2567 331 2626 ges,
348 2547 437 2608 facile
455 2548 645 2609 concederes.
667 2547 842 2609 Herodotus
854 2565 927 2608 vero
939 2547 1029 2607 aliter
1040 2545 1158 2608 sentiti.
1181 2546 1228 2607 De
1239 2547 1370 2628 Phrygi·

265 2651 323 2711 bus
347 2653 450 2712 autem
471 2653 596 2713 uberius
618 2653 755 2733 disputat
773 2649 950 2727 Haasius4,
982 2653 1034 2733 qui
1061 2652 1143 2712 inter
1170 2651 1247 2711 alios
1267 2652 1370 2714 laudat

267 2754 396 2818 Osannii
412 2757 531 2832 librum,
556 2757 608 2839 qui
626 2756 802 2818 inscribitur
821 2759 870 2817 est
887 2755 1007 2832 ,Midas
1027 2754 1373 2835 oderErkldrungsver-

266 2860 342 2921 such
365 2859 420 2920 der
441 2862 657 2923 nachweislich
681 2864 811 2924 altesten
834 2860 947 2940 griech.
970 2860 1115 2922 Iusohrift
1138 2860 1318 2938 (a.1830)‘,
1341 2865 1374 2921 et

267 2962 433 3028 Goschenii
454 2966 517 3042 ,De
549 2965 665 3028 Ariana
700 2967 824 3048 linguae
856 2967 1018 3048 gentisque
1041 2963 1223 3026 Armenicae
1255 2966 1376 3027 indole‘

267 3070 515 3132 dissertationem
539 3071 699 3150 (11847).

265 3203 266 3206 ¹
354 3175 465 3236 Teucri
504 3177 600 3252 enim,
639 3179 801 3258 antequam
833 3195 884 3236 res
922 3174 1055 3237 dilucere
1087 3175 1270 3254 coeperunt,
1306 3193 1375 3236 sese

267 3278 460 3359 dispertiisse
482 3265 628 3341 ridentur
648 3299 743 3362 aeque
765 3299 800 3341 ac
815 3280 956 3360 Phryges
971 3281 1094 3359 postero
1111 3283 1250 3357 tempore
1265 3297 1376 3340 revera

268 3383 546 3464 deprehenduntur.
590 3385 725 3447 Exstant
756 3385 837 3446 enim
870 3385 908 3445 de
934 3383 983 3444 his
1016 3383 1249 3462 migrationibus
1277 3383 1376 3444 adhuc

268 3488 443 3550 testimonia
488 3491 672 3569 gravissima
707 3485 889 3564 Herodoti5,
925 3489 976 3570 qui
1007 3487 1117 3563 tradit,
1155 3489 1226 3546 ante
1262 3486 1376 3547 bellum

269 3593 399 3654 troicum
421 3594 530 3675 Mysos
559 3597 590 3656 et
614 3595 748 3656 Teucros
771 3596 803 3656 in
823 3593 978 3675 Europam
998 3597 1212 3672 transgressos
1228 3589 1375 3652 Thraciae

269 3698 400 3777 populos
440 3699 564 3761 sedibus
600 3700 735 3764 movisse
779 3709 813 3761 ‘et
851 3699 946 3762 dein⁶
983 3699 1119 3760 Paeones
1154 3717 1223 3758 esse
1269 3696 1374 3756 dictos.

342 3849 367 3920 1)
387 3851 411 3919 ᾗ.
431 3854 455 3906 1.
474 3851 536 3906 inde
555 3867 635 3921 apg.
656 3851 751 3920 prima.

341 3939 369 4007 2)
388 3939 510 3994 Herodot
528 3939 576 4003 VI,
597 3941 644 4004 45;
665 3940 762 3994 Strabo
780 3939 841 4004 VII,
860 3955 905 4008 pg.
927 3940 986 3994 295.

342 4112 369 4179 4)
387 4113 472 4168 Ersch
485 4111 624 4168 dr-Gruber
635 4113 829 4184 Encyclopaed.
849 4115 914 4169 sect·
927 4110 978 4175 III,
996 4124 1059 4182 pars
1070 4107 1167 4172 XXIV,
1186 4123 1230 4176 pg·
1244 4105 1375 4175 225⁵<1qc

272 4196 441 4266 potissimum
461 4216 507 4269 pg.
527 4201 673 4256 aaa-293.

285 4279 291 4292 '
343 4286 370 4354 5)
387 4287 446 4350 VII,
465 4287 507 4340 20.

344 4369 371 4440 6)
388 4373 421 4438 V,
443 4373 485 4428 13.
