3082 4936
601 335 816 392 *61-

247 519 343 602 Apud
369 517 505 582 Graecos
532 520 682 598 originem
711 540 837 598 regum,
865 521 916 602 qui
946 521 1068 582 heroica
1093 525 1193 583 aetate
1224 542 1271 582 re-

162 628 304 704 gnarent,
320 644 339 685 a
352 625 410 686 diis
426 643 461 684 ac
476 625 669 704 potissimum
685 643 704 684 a
718 624 793 685 Iove
810 661 849 667 —
867 626 948 685 unde
964 626 1115 687 adiectiva
1130 617 1273 709 διογενής

162 732 195 792 et
206 720 379 813 διστρεφής
401 763 444 773 -
466 747 536 789 esse
555 730 691 808 petitam,
713 730 757 790 ita
779 733 813 790 ut
828 733 917 809 pater
932 734 1016 792 esset
1032 731 1117 805 dens,
1133 732 1272 810 exceptis

162 833 282 896 Achille
303 835 471 914 paucisque
493 834 577 908 aliis,
600 835 661 894 iam
681 853 759 913 puer
780 835 811 894 in
835 835 907 894 ludo
931 855 992 895 non
1012 836 1149 913 ignorat3
1178 853 1272 915 quare

165 940 306 1018 exempla
336 937 446 998 afferre
481 938 676 1017 supersedeo.
720 936 769 997 'At
804 938 886 1016 apud
919 939 989 998 illos
1023 937 1118 999 Asiae
1146 937 1272 998 minoris

165 1043 304 1122 populos,
325 1042 363 1102 de
380 1041 490 1122 quibus
507 1060 600 1121 supra
616 1041 851 1121 disputavimus,
874 1062 924 1102 res
941 1043 1030 1103 aliter
1047 1061 1116 1103 sese
1132 1042 1273 1102 habebat.

164 1145 288 1207 Etenim
307 1146 500 1208 utbreviter
523 1165 671 1206 summam
692 1146 856 1206 multarum
879 1147 1108 1227 quaestionum,
1135 1165 1212 1228 quas
1235 1146 1273 1206 de

164 1251 222 1311 hac
245 1271 280 1312 re
294 1251 481 1311 Klausenius
502 1253 535 1311 et
556 1251 608 1331 qui
630 1270 699 1310 eum
722 1253 846 1310 secutus
870 1253 917 1310 est
939 1250 1089 1330 Engelius
1113 1253 1156 1328 (in
1171 1270 1297 1312 mono--

165 1355 299 1434 graphia
319 1355 356 1414 de
379 1353 481 1434 Cypro
505 1354 617 1431 insula)
640 1355 855 1430 instituerunt,
887 1356 1088 1435 praemittam,
1112 1355 1274 1415 dicendum

167 1461 227 1532 est,
260 1459 340 1538 apud
372 1460 442 1519 illos
480 1459 574 1519 Asiae
606 1460 737 1539 populos
774 1459 908 1519 fabulam
940 1460 1130 1520 notissimam
1167 1459 1272 1535 luisse,

169 1583 260 1642 reges
299 1583 462 1644 eorumque
503 1565 634 1625 familias
667 1565 846 1644 progenitos
886 1583 956 1624 esse
983 1583 1002 1624 a
1037 1565 1119 1625 viro.
1142 1564 1273 1646 quodam

169 1668 350 1744 clarissimo,
384 1669 433 1729 cui
462 1689 579 1729 summa
610 1683 721 1730 'eorum
756 1669 828 1743 dea,
862 1687 953 1750 quarn
981 1673 1096 1729 terram
1125 1688 1195 1730 esse
1226 1667 1271 1729 vi-

167 1773 282 1848 dimus,
318 1776 349 1835 et
384 1774 512 1834 favisset
541 1775 573 1834 et
602 1794 670 1834 oum
699 1793 735 1833 eo
767 1761 857 1833 risum
878 1773 1052 1848 habuisset,
1078 1775 1152 1854 quin
1180 1774 1273 1834 etiam

164 1878 232 1938 eius
257 1877 430 1956 complexui
454 1898 524 1939 sese
553 1877 715 1938 dedissetl.
759 1875 810 1938 Sic
833 1879 914 1956 apud
936 1877 1078 1958 Phryges
1108 1878 1211 1939 fabula
1234 1878 1272 1937 de

165 1979 287 2044 Gordia
303 1983 498 2042 celeberrima
510 1982 576 2057 fuit,
592 1982 630 2042 de
646 2000 706 2063 qua
721 1980 932 2042 disseruerunt
947 1979 1110 2056 Iustinus²‚
1124 1979 1273 2056 Curtius⁸,

165 2084 354 2162 Arrianus4,
388 2085 567 2148 Arnobius5.
628 2085 781 2146 Narratur
813 2085 871 2146 hac
907 2086 1024 2160 fabula,
1060 2086 1092 2145 in
1130 2082 1271 2160 Gordiae,

164 2191 321 2269 agricolae
350 2191 509 2252 cniusdam
530 2190 685 2271 pauperis,
721 2193 824 2250 aratro
855 2190 986 2270 aquilam
1014 2190 1094 2250 inter
1124 2189 1272 2250 arandum

162 2295 342 2356 consedisse
366 2296 468 2376 ibique
493 2315 591 2376 usquo
615 2295 654 2355 ad
674 2313 838 2375 vesperam
859 2294 1053 2355 remansisse.
1083 2293 1154 2364 Qua
1177 2295 1214 2354 de
1237 2313 1272 2354 rc

166 2399 338 2460 admiratus
361 2397 492 2460 Gordian
516 2398 701 2460 Talmissum
729 2419 762 2460 se
786 2399 927 2474 contulit,
958 2401 993 2459 ut
1021 2419 1061 2459 ex
1081 2399 1164 2460 illius
1187 2399 1272 2459 urbis

165 2503 282 2580 incolis,
305 2522 382 2585 quos
398 2523 468 2564 esse
482 2509 571 2565 vates
592 2505 624 2564 in
645 2504 707 2565 illis
722 2504 899 2582 regionibus
914 2504 1082 2578 constabat,
1104 2506 1272 2584 quaereret,

167 2607 238 2688 quid
254 2608 334 2669 illud
353 2611 522 2669 monstrum
539 2608 596 2669 sibi
614 2608 717 2669 vellet.
747 2607 834 2668 Inter
850 2608 934 2668 viam
945 2608 1127 2686 carpendam
1138 2608 1167 2666 ei
1181 2608 1271 2685 virgo

165 2712 370 2792 pulcherrima
381 2713 501 2774 obviam
512 2713 593 2773 facta
601 2717 658 2788 cst,
670 2732 747 2794 quae
755 2731 795 2796 err
805 2712 858 2772 illa
865 2732 899 2772 re
910 2731 979 2772 eum
986 2712 1087 2792 ipsum
1095 2731 1200 2790 regem
1207 2713 1272 2773 foro

167 2818 337 2878 vaticinata
355 2820 404 2878 est
420 2836 457 2878 ao
477 2837 510 2878 se
531 2815 618 2878 offert
635 2835 770 2878 uxorem.
808 2815 976 2877 Discordiis
996 2816 1067 2876 dein
1080 2816 1220 2877 civilibus
1240 2817 1271 2879 in

166 2921 304 3004 Phrygia
313 2923 429 2982 exortis
441 2926 473 2982 et
483 2925 645 3004 postquam
654 2922 794 3002 Phryges
804 2922 842 2981 ab
855 2921 977 2982 oraculo
989 2920 1067 2981 iussi
1079 2926 1151 2982 sunt
1161 2922 1272 3001 princi·
1356 2907 1358 2914 ’

166 3029 274 3105 patum
290 3027 477 3087 constituere
492 3029 524 3086 et
541 3046 610 3087 eum
626 3045 731 3104 regem
748 3025 876 3105 eligere,
899 3025 951 3104 qui
976 3024 1089 3103 legatis
1105 3026 1222 3105 primus
1240 3028 1272 3087 in

168 3148 260 3191 curru
279 3131 396 3191 vehens
412 3131 532 3192 obviam
545 3131 612 3207 iret,
630 3131 855 3209 legatireversi
874 3128 906 3189 in
920 3127 1066 3190 Gordiam
1081 3128 1272 3192 offenderunt

166 3255 297 3318 eumque
329 3254 435 3314 regern
467 3239 660 3302 creaverunt.
717 3234 805 3305 Quae
842 3253 916 3294 vero
949 3234 1028 3294 inter
1060 3233 1201 3316 Phryges
1235 3236 1272 3296 de

167 3337 303 3416 Gordia,
336 3340 443 3400 eadem
471 3341 598 3402 mutatis
628 3341 720 3400 rebus
753 3339 907 3399 nonnullis
944 3339 1025 3400 inter
1056 3337 1202 3400 Troianos
1234 3341 1273 3400 de

170 3443 308 3506 Anchisa
329 3446 512 3506 ferebantur.
556 3445 679 3506 Etenim
701 3444 786 3505 illam
815 3444 852 3504 de
875 3441 991 3505 Gordia
1012 3445 1273 3506 narratiunculam

168 3549 252 3631 quod
273 3549 384 3610 attinet
406 3549 558 3610 adfinem
580 3553 612 3610 et
634 3569 772 3624 oausam,
795 3547 876 3608 idern
898 3548 956 3609 sibi
977 3548 1058 3608 velle
1081 3553 1174 3630 atque
1196 3567 1272 3625 eam,

169 3673 248 3736 quae
271 3658 319 3715 ost
341 3655 373 3715 in
394 3654 517 3736 hymno,
541 3654 630 3714 facile
652 3653 844 3732 intelligitur.
872 3651 952 3712 Nam
974 3653 1082 3729 omnia,
1104 3654 1156 3714 vel
1177 3655 1272 3714 verba

170 3842 360 3854 m———ffi—-q
363 3843 426 3852 ...n-

240 3961 267 4030 1)
286 3960 405 4015 Klausen
423 3959 477 4017 1.1.
497 3959 512 4012 Ι
530 3972 575 4028 pg.
588 3958 636 4014 111
657 3973 729 4028 saep.
741 3956 829 4031 lingel
846 3963 866 4016 1.
884 3956 902 4019 1
921 3977 966 4032 pg.
984 3957 1036 4016 321
1056 3971 1130 4028 sqq.;
1149 3953 1271 4014 Gerhard

180 4042 224 4104 ll.
244 4049 261 4116 ἓ
279 4050 337 4104 149.
356 4049 435 4116 §862
449 4048 490 4104 Aa

239 4135 265 4204 r)
284 4134 330 4200 m,
351 4135 375 4191 r.

237 4222 265 4291 a)
283 4221 333 4286 ru,
352 4222 375 4276 1.

237 4311 265 4378 4)
283 4307 383 4377 arpeo.
396 4305 470 4362 Alex.
486 4307 523 4371 II,
540 4309 565 4365 3.

237 4397 263 4468 5)
279 4395 347 4450 Adr.
363 4395 438 4466 gent.
455 4394 490 4462 Π,
508 4397 549 4452 73.
