3082 4936
675 253 960 312 -44-·

228 458 410 522 quamquam
437 460 608 522 perpauca,
646 440 698 503 ubi
726 439 833 520 negari
855 441 973 522 nequit,
1011 441 1050 502 ad
1072 459 1201 521 poeseos
1236 441 1335 502 hesio-

229 543 322 620 deae,
358 547 394 605 ut
419 545 465 606 ita
494 545 607 622 dicam,
643 543 799 624 ingenium
823 548 855 606 et
876 546 1026 607 rationem
1054 548 1176 626 poetam
1198 547 1337 608 nostrum

230 645 383 711 accedere.
427 647 550 710 Etenim
581 650 608 710 si
644 648 801 728 ingenium
831 649 1008 711 hesiodeum
1033 648 1166 711 Homero
1197 655 1335 730 respecto

230 751 410 814 certioribus
439 752 550 816 finibus
584 754 758 815 describere
787 753 935 830 velimus,
972 755 1029 816 has
1056 755 1120 814 fere
1142 773 1192 815 res
1213 758 1336 816 exstare

228 857 309 919 inter
328 857 491 939 utrumque
513 857 653 919 diversae
676 858 756 938 iuter
777 857 861 918 viros
882 858 989 919 doctos
1004 860 1134 934 constat,
1156 877 1337 940 quamquam

227 961 383 1024 Hesiodus
407 980 526 1043 quoque
547 961 673 1023 Homeri
692 961 836 1043 loquendi
858 962 946 1022 modo
969 962 1165 1023 fundamento
1182 965 1231 1023 est
1244 982 1337 1023 usus:

228 1065 359 1142 „Poesis
381 1065 526 1128 hesiodea
549 1068 598 1128 est
621 1066 800 1146 saepissime
821 1066 913 1128 exilis
936 1084 971 1126 ae
995 1066 1086 1142 dura,
1108 1066 1140 1126 in
1162 1085 1222 1148 qua
1246 1085 1336 1148 argu-

229 1173 333 1231 menta
371 1170 510 1232 nituntur
537 1169 692 1247 doctriua,
733 1170 845 1252 quippe
875 1190 967 1252 quum
993 1171 1085 1250 poeta
1111 1169 1221 1230 docere
1248 1189 1338 1252 quam

230 1273 384 1334 delectare
406 1273 500 1334 malit.
530 1272 618 1337 Unde
641 1273 686 1350 fit,
707 1280 743 1335 ut
765 1293 865 1336 sermo
886 1275 1049 1336 hesiodeus
1071 1275 1337 1356 nonnunquameit

231 1379 326 1440 durus
359 1397 395 1438 ac
426 1396 524 1459 paene
555 1379 687 1458 frigidus
712 1379 926 1460 contineatque
956 1379 1069 1440 multas
1091 1398 1184 1440 voees
1206 1399 1223 1440 e
1242 1379 1337 1440 variis

230 1479 418 1548 Graecorum
453 1482 595 1545 dialectis
634 1485 800 1563 sumptas.“
858 1483 1010 1555 Quocirca
1043 1484 1165 1564 saepius
1193 1482 1336 1544 erationis

229 1587 400 1650 homericae
418 1588 487 1649 lene
509 1591 540 1649 et
562 1587 722 1670 aequabile
733 1588 845 1649 flumen
860 1588 1079 1649 desideramus.
1112 1584 1242 1648 Accedit
1257 1588 1337 1668 quod

229 1690 384 1754 Hesiodus
402 1691 514 1753 multas
530 1712 623 1754 voees
639 1711 736 1754 novas
746 1728 789 1737 —
804 1692 985 1754 Fietkavius
1001 1691 1158 1773 computat
1171 1693 1334 1754 rcees530

230 1832 271 1840 —
292 1797 332 1857 ad
349 1816 438 1858 suum
453 1796 550 1877 ipsius
569 1797 726 1858 arbitrium
737 1796 827 1858 finxit
837 1816 990 1879 vocesque
1002 1816 1063 1857 non
1073 1795 1337 1875 rarosignifieatu,

230 1902 276 1964 uti
297 1902 409 1978 dicunt,
428 1901 577 1963 translate
602 1902 723 1964 admisit
743 1922 799 1963 nec
819 1921 881 1963 non
902 1921 958 1982 per
980 1902 1122 1963 facetiam
1143 1899 1337 1963 Doriensium

230 2005 327 2066 multa
353 2025 370 2065 e
400 2006 551 2068 contrario
574 2006 713 2082 denotat,
735 2007 779 2067 ita
800 2008 836 2068 ut
857 2006 979 2088 saepius
1003 2005 1144 2085 singulae
1167 2007 1338 2067 sententiae

231 2110 297 2171 sine
327 2109 392 2171 ulla
419 2109 482 2170 fere
511 2110 653 2172 iunctura
679 2129 748 2171 sese
771 2110 926 2191 excipiant
948 2113 979 2171 et
998 2109 1124 2171 Homeri
1146 2109 1258 2171 eximia
1287 2110 1338 2170 de·

232 2214 385 2276 scribendi
400 2212 537 2276 efficacia
552 2218 583 2276 et
599 2215 799 2276 continuitate
812 2217 944 2276 careant.
982 2214 1102 2286 Quodsi
1115 2215 1146 2276 in
1158 2214 1338 2275 universum

230 2318 409 2394 iudicamus,
432 2318 471 2379 ad
492 2319 601 2396 utrius,
623 2317 749 2380 Homeri
771 2337 811 2380 an
832 2318 969 2395 Hesiodi,
990 2319 1147 2400 ingenium
1169 2336 1205 2379 ac
1220 2318 1341 2380 dicendi

233 2423 383 2484 rationem
418 2424 552 2504 hymnus
590 2427 696 2485 noster
725 2425 852 2505 propius
881 2425 1022 2500 accedat,
1061 2443 1100 2484 ne
1128 2443 1189 2484 uno
1219 2423 1341 2505 quidem

227 2502 348 2607 'puncto
372 2527 518 2608 temporis
542 2528 683 2590 dubitare
705 2509 869 2609 possumus
892 2528 1028 2609 profiteri
1041 2527 1167 2590 Homeri
1177 2527 1341 2589 dictionem

233 2649 269 2692 ac
283 2633 434 2694 sentiendi
449 2633 571 2694 modum
583 2637 705 2714 poetam
719 2637 861 2695 nostrum
873 2633 1004 2696 maxime
1021 2633 1115 2716 sequi.
1145 2631 1187 2697 Ut
1199 2634 1341 2712 exempla

232 2755 351 2816 ponam,
364 2737 408 2814 sic
421 2737 453 2799 in
466 2738 623 2798 formando
641 2738 778 2818 genitivo
793 2739 911 2800 numeri
924 2739 1089 2818 singularis
1104 2736 1342 2798 masculinorum

232 2842 349 2921 primae
378 2841 589 2904 declinationis
621 2845 713 2923 poeta
742 2845 847 2904 noster
868 2843 1006 2925 sequitur
1028 2841 1208 2918 Homerum,
1239 2841 1284 2902 ita
1305 2844 1341 2902 ut

234 2965 339 3007 casum
369 2946 464 3007 istum
494 2965 613 3027 semper
646 2948 752 3010 in-ew
787 2949 897 3009 formet
930 2983 973 2992 -—
992 2939 1148 3027 Ἀγχίσεω
1170 2946 1202 3006 in
1224 2966 1276 3007 vv.
1299 2947 1338 3007 53

233 3053 265 3112 et
289 3054 360 3128 126,
367 3042 493 3134 Ἓρμεω
501 3051 533 3111 in
547 3072 576 3112 v.
586 3056 647 3115 148
667 3048 715 3129 ’-,
726 3073 787 3114 non
802 3054 834 3114 in
846 3088 878 3096 -
889 3071 938 3129 oo,
954 3051 1340 3134 quamfcrmamHesiodus

235 3155 365 3216 admisit.
415 3155 509 3216 Porro
543 3157 574 3216 in
601 3177 626 3216 ν.
649 3161 712 3218 214
742 3157 839 3218 forma
869 3147 922 3218 ἐόι
944 3158 1063 3232 exstat,
1093 3173 1152 3238 qua
1173 3153 1339 3216 Homerum

236 3259 424 3340 saepissime,
444 3257 615 3321 Hesiodum
636 3280 791 3344 nunquam
810 3279 901 3322 usum
920 3279 990 3322 esse
1005 3259 1184 3340 Kruegerus
1207 3261 1340 3321 docetin

234 3382 330 3443 gram.
357 3363 428 3425 dial.
456 3382 592 3444 graecar.
616 3368 667 3442 38,
699 3370 729 3441 2,
753 3369 781 3426 4.
832 3365 951 3426 Deinde
981 3365 1187 3426 adnotandum
1205 3365 1270 3440 cet,
1308 3363 1340 3426 in

233 3466 346 3547 hymno
368 3470 474 3530 nostro
496 3488 536 3530 ex
558 3488 641 3530 more
663 3469 789 3531 Homeri
811 3469 908 3530 dativi
931 3469 1020 3548 singl.
1042 3489 1122 3530 num.
1144 3467 1185 3528 H.
1208 3469 1341 3530 decline-

234 3570 327 3633 tionis
357 3573 485 3634 formam
507 3573 539 3634 in
561 3609 604 3618 -
634 3593 670 3635 oo
688 3573 879 3634 desinentem
903 3574 1025 3654 saepius
1049 3576 1174 3634 exstare
1197 3591 1286 3654 quam
1309 3573 1341 3634 in

236 3682 513 3752 -ocoexeuntem
521 3678 775 3759 quumHesiodus
783 3678 1050 3761 ceteriquehymni
1058 3677 1202 3738 homerici
1210 3679 1340 3760 utraque

172 3843 175 3852 ,
234 3783 331 3844 forma
350 3780 477 3861 perinde
499 3783 548 3843 usi
571 3783 641 3844 sint.
683 3781 770 3844 Idem
789 3787 837 3844 est
853 3783 1047 3845 iudicandum
1060 3782 1098 3843 de
1113 3782 1217 3842 dativo
1231 3783 1341 3863 plural.

235 3905 315 3947 num.
346 3885 486 3948 declinat.
508 3885 556 3962 Π,
587 3888 699 3968 quippe
728 3907 821 3970 quum
847 3891 939 3969 poete
965 3894 1072 3948 noster
1101 3905 1169 3946 eam
1193 3907 1233 3948 ex
1258 3906 1341 3948 more

235 3989 361 4051 Homeri
387 3991 419 4050 in
443 4026 482 4035 —
507 4007 573 4053 οισι
594 3992 626 4053 in
646 4013 696 4053 vr.
720 3993 759 4053 52
783 3993 840 4068 bis,
863 3994 912 4070 54,
934 3995 1006 4068 106,
1029 3995 1100 4066 204,
1125 3992 1197 4067 259,
1218 4010 1278 4052 non
1300 4011 1340 4052 ex

235 4113 319 4154 more
341 4092 470 4155 Hesiodi
490 4095 522 4155 in
544 4131 585 4138 -
606 4117 655 4170 οις
675 4097 792 4157 formet.
836 4096 984 4158 Extremo
1007 4095 1073 4155 looo
1097 4095 1205 4172 affero,
1232 4114 1339 4157 vocem

237 4199 381 4272 τοιοῖτος
410 4199 609 4276 homericam,
645 4219 722 4282 quae
752 4221 851 4283 neque
880 4201 962 4280 apud
980 4198 1150 4262 Hesiodum
1177 4219 1276 4282 neque
1306 4201 1338 4261 in

236 4302 348 4366 ceteris
369 4303 489 4384 hymnis
505 4305 666 4367 homericis
681 4305 803 4385 legitur,
824 4306 855 4366 in
870 4305 975 4388 hymni
988 4306 1086 4367 nostri
1100 4327 1128 4368 v.
1144 4308 1204 4370 241
1216 4310 1341 4366 exstare
