3082 4936
708 1051 886 1170 eaput
913 1051 991 1149 Ill.

769 1259 920 1270 -----

473 1397 526 1464 os
546 1397 676 1482 hymni
698 1397 924 1482 argumento,
946 1397 1080 1483 patria,
1103 1395 1222 1481 poeta.

380 1567 547 1646 Neminem,
568 1571 621 1651 qui
642 1572 761 1631 attento
784 1571 882 1630 001οο
902 1570 1050 1650 hymnum
1068 1569 1100 1630 in
1123 1567 1277 1629 Venerem
1297 1567 1402 1627 homc-

292 1672 388 1733 ricum
409 1673 585 1752 perlegerit,
608 1673 755 1754 effugisse
778 1676 861 1754 pute,
884 1673 1015 1758 inveniri
1035 1673 1140 1749 multa,
1162 1691 1240 1753 quae
1265 1689 1285 1732 a
1303 1668 1402 1732 Grae-

294 1796 397 1838 corum
428 1797 537 1858 sapore
564 1783 596 1839 et
627 1779 790 1840 enarrandi
819 1778 1033 1860 iudicandique
1058 1777 1193 1851 ratione,
1229 1795 1320 1858 quam
1349 1775 1403 1835 vel

295 1882 408 1962 optime
435 1882 561 1944 Homeri
588 1884 722 1944 earmina
749 1885 901 1964 respirent
929 1903 965 1944 ae
995 1883 1081 1944 cuius
1110 1883 1266 1962 tamquam
1293 1881 1401 1960 legum

295 1985 410 2047 latores
435 1987 503 2062 sint,
528 1990 647 2049 omnino
671 1989 862 2050 abhorreant.
894 1988 1025 2069 Deque
1049 2005 1083 2046 re
1105 1986 1166 2047 100
1187 1982 1400 2045 1101110000οῙ

296 2091 395 2152 fusius
416 2091 568 2172 disputat,
594 2111 629 2152 ao
644 2089 875 2154 Groddeckius²
893 2094 1019 2172 propter
1040 2090 1118 2151 hane
1132 2088 1237 2170 hymni
1252 2088 1402 2149 rationem

296 2195 347 2255 vel
371 2213 390 2254 a
413 2198 584 2256 ceterorum
606 2197 789 2278 hymnorum
812 2198 992 2276 argumento
1022 2195 1177 2256 diversam
1208 2192 1404 2274 potissimum

299 2298 413 2360 scholio
436 2299 475 2359 ad
500 2299 587 2361 iliad.
611 2323 636 2375 v,
656 2320 686 2361 v.
711 2304 772 2363 307
797 2304 828 2361 et
850 2301 997 2362 Herodot.
1018 2298 1060 2374 II,
1086 2302 1147 2360 116
1171 2300 1285 2358 01117
1310 2297 1403 2357 nixus

298 2402 462 2477 contendit,
486 2402 634 2484 hymnum
655 2423 725 2464 esse
750 2404 912 2464 frustulam
935 2404 1087 2486 quandam
1109 2399 1259 2462 eStasini
1279 2401 1402 2482 Cypriis

298 2505 499 2586 desumptam.
550 2506 718 2568 Videamus
752 2512 854 2568 autem
889 2508 1012 2586 singula
1043 2511 1075 2567 01
1105 2525 1184 2588 quae
1213 2505 1398 2566 Matthiaens

298 2614 400 2672 tmone
427 2613 458 2672 et
486 2629 564 2692 quae
584 2611 672 2672 nobis
693 2611 833 2672 addenda
853 2612 1005 2672 videntur.

385 2715 537 2786 Quocirca
569 2716 700 2795 primum
737 2717 897 2777 dicendum
932 2718 994 2792 est,
1024 2717 1088 2776 1010
1116 2716 1229 2796 hymno
1248 2713 1395 2775 Venerem

297 2819 483 2900 descriptam
505 2840 575 2881 esse
595 2821 696 2896 talem,
719 2821 818 2902 qualis
844 2840 994 2902 nusquam
1016 2820 1097 2900 apud
1117 2818 1286 2879 Homerum
1304 2837 1400 2900 neque

298 2924 335 2984 ab
358 2923 421 2983 ullo
444 2921 632 2986 Graecorum
652 2927 745 3005 poeta
771 2927 820 2986 est
839 2924 1001 3005 descripta.
1045 2923 1169 2985 Etenim
1190 2924 1271 3004 apud
1290 2923 1400 2984 Home-

298 3048 366 3088 rum
385 3027 493 3090 Venus
513 3032 670 3110 tamquam
692 3027 846 3091 Anchisae
875 3029 1013 3110 legitima
1035 3047 1122 3104 uxor,
1153 3030 1302 3110 quantum
1322 3029 1403 3089 inter

297 3132 442 3194 mortales
471 3135 503 3194 01
525 3133 710 3194 immortales
734 3134 837 3210 licuit,
858 3134 998 3194 ducenda
1019 3134 1068 3193 001
1080 3129 1100 3208 ³,
1132 3132 1212 3212 quod
1237 3133 1404 3212 praecipue

299 3255 340 3296 ex
369 3236 454 3297 uno4
480 3236 587 3298 Iliadis
618 3237 684 3298 loeo
716 3239 939 3313 concludimus,
971 3238 1023 3298 uhi
1041 3235 1163 3298 Aeneas
1190 3257 1259 3298 eum
1282 3235 1405 3298 Achille

298 3341 400 3404 verbis
423 3341 543 3402 rixatus
567 3341 726 3420 gloriatur,
750 3363 784 3403 se
806 3363 847 3403 ex
868 3343 926 3402 dea
949 3360 1061 3420 supera
1080 3361 1150 3402 0000
1169 3343 1282 3418 00100,
1298 3339 1402 3402 Achil-

298 3445 359 3505 lem
379 3448 481 3506 autem
503 3465 542 3506 ex
565 3445 714 3523 Thetide,
735 3446 793 3506 dea
813 3445 937 3506 marina.
960 3444 1031 3515 Qua
1055 3445 1087 3506 in
1106 3466 1140 3505 re
1163 3448 1305 3526 apparet,
1334 3466 1404 3506 enm

299 3567 492 3628 comparasse
513 3551 739 3611 matrimonium
760 3551 845 3612 Pelei
867 3568 935 3611 eum
958 3549 1101 3627 Thetide,
1128 3549 1209 3631 quod
1231 3550 1404 3629 legitimum

298 3673 368 3713 0000
391 3672 496 3715 00000
521 3656 708 3732 concedunt,
730 3663 798 3735 eju
820 3654 975 3716 Anchisae
997 3660 1029 3715 et
1049 3655 1180 3716 Veneris
1203 3655 1404 3715 matrimonio.

297 3755 335 3816 In
364 3757 478 3838 hymno
507 3779 580 3820 vero
621 3761 678 3822 dea
709 3779 811 3821 amore
833 3761 958 3821 incensa
979 3759 1067 3841 qnasi
1095 3759 1289 3819 meretricula
1311 3777 1403 3840 quae-

298 3859 369 3921 dam
391 3863 562 3943 volgivago
590 3867 622 3926 et
650 3865 804 3946 impudica
825 3863 984 3927 Anchisen
1013 3862 1178 3924 bubulcum
1200 3863 1335 3944 anquirit
1356 3883 1404 3924 se-

369 4065 614 4134 1110001000.
634 4067 669 4122 ad
686 4065 758 4136 hym.
779 4067 849 4122 hom.
869 4083 914 4136 pg.
935 4067 977 4121 72.
997 4079 1055 4133 sqq.

366 4154 392 4222 2)
412 4155 453 4206 De
472 4153 563 4222 hymn.
582 4155 652 4209 hom.
670 4155 790 4224 reliquiis
808 4172 854 4224 pg.
874 4155 917 4209 41.
936 4168 994 4220 sqq.

368 4241 395 4310 3)
413 4239 493 4293 Iliad.
512 4257 541 4303 π,
561 4241 622 4296 819.

368 4327 395 4396 4)
414 4326 492 4379 Iliad.
513 4349 536 4391 υ,
554 4330 614 4384 209.
