3082 4936
640 296 968 363 -75-'

187 489 254 548 loco
280 489 500 550 celeberrimol
530 492 653 570 praeter
673 489 758 549 illam
775 490 809 549 in
829 488 885 550 Ida
913 489 1002 551 sitam
1017 487 1145 570 Gergim
1166 491 1198 550 in
1220 509 1296 568 agro

188 591 322 655 Cumano
352 613 448 674 prope
480 594 520 654 ad
542 593 700 654 Larissam
729 593 836 653 urbem
858 591 1042 673 Gergithum
1070 593 1122 654 vel
1144 590 1299 672 Gergithii

188 696 341 757 conditam
369 697 474 758 tuisse.
521 698 713 776 Quamquam
740 715 815 757 vero
838 697 916 758 hane
937 700 1044 759 urbem
1061 695 1247 777 Gergithum
1266 697 1299 758 in

190 800 325 864 Cumano
342 800 433 861 sitam
448 835 490 844 -
502 820 612 881 nempe
628 795 731 883 Κύμη,
745 799 877 861 Aeolum
893 801 1012 862 colonia
1026 801 1058 861 iu
1072 799 1149 862 Asia
1171 801 1296 876 minore,

188 905 237 965 est
262 903 463 982 intelligenda
485 939 528 949 -
551 903 751 984 antiquiorem
780 923 851 964 esse
873 922 963 983 quarn
984 902 1112 984 Gergim
1134 899 1199 988 (vei
1221 901 1298 965 Ger-

188 1007 291 1086 githes
310 1007 362 1068 vel
383 1005 590 1086 Gergithium)
612 1008 644 1068 in
664 1006 722 1069 Ida
743 1007 896 1068 conditam
921 1005 1031 1070 Strabo
1059 1009 1165 1089 putat,
1195 1010 1298 1068 tamen

82 1195 86 1202 Ι
188 1111 244 1172 hoc
272 1112 339 1173 loco
369 1130 439 1172 esse
469 1112 726 1190 comprobandam
754 1113 829 1191 puto
857 1109 1011 1172 Athenaei
1043 1111 1227 1173 sententiam
1256 1131 1297 1172 ex

188 1214 335 1278 Clearcho
351 1213 450 1291 Soleo,
471 1213 649 1276 Aristotelis
664 1215 814 1296 discipulo
837 1214 1014 1292 clarissimo,
1036 1215 1173 1296 petitam.
1216 1213 1297 1276 Nam

189 1317 249 1380 etsi
277 1319 310 1379 in
335 1319 394 1382 hac
421 1320 549 1382 historia
572 1319 743 1380 enarranda
762 1319 876 1380 multos
897 1317 1042 1380 errores²
1070 1321 1108 1380 ab
1127 1319 1296 1394 Athenaeo,

188 1443 279 1502 quem
305 1443 345 1484 ex
376 1424 498 1503 optimis
532 1429 673 1485 veterum
707 1423 891 1503 scriptorum
924 1424 1058 1484 fontibus
1089 1423 1156 1485 sine
1184 1423 1296 1484 iudicio

188 1527 293 1588 subtili
315 1530 346 1589 et
366 1527 511 1588 interiore
531 1527 705 1589 litterarum
720 1527 913 1606 antiquarum
929 1527 1057 1588 seientia
1076 1527 1190 1587 multos
1211 1527 1296 1587 locos

188 1631 382 1711 excerpsisse
404 1632 485 1692 inter
504 1651 607 1692 ornnes
629 1632 714 1692 viros
737 1632 844 1692 doctos
867 1633 1003 1706 constat,
1027 1631 1203 1692 commissos
1225 1649 1296 1691 esse

186 1733 374 1796 Klausenins
399 1736 556 1815 exposuit,
586 1738 690 1797 tamen
719 1754 781 1820 non
800 1754 927 1815 possum
949 1735 1064 1810 faeere,
1090 1735 1162 1815 quin
1189 1735 1222 1795 iu
1250 1752 1296 1808 eo,

189 1840 269 1918 qnod
306 1841 347 1900 ad
382 1840 428 1900 rei
465 1857 613 1900 summam
646 1839 797 1918 pertinet,
834 1837 995 1899 Athenaeo
1024 1839 1177 1899 assentiar
1205 1858 1297 1919 quum

187 1946 315 2022 propter
334 1943 537 2004 clarissimum
552 1943 692 2006 Olearchi
714 1940 927 2018 testimoninm,
950 1943 1030 2023 quod
1050 1943 1107 2004 hoo
1121 1943 1188 2003 loeo
1200 1941 1296 2029 Athe-

189 2065 284 2107 naeus
299 2049 349 2107 est
365 2049 498 2121 secutus,
513 2050 579 2107 tum
591 2046 662 2124 quia
674 2045 776 2107 missis
786 2046 896 2107 ceteris
905 2046 943 2106 de
954 2047 1054 2108 haere
1068 2045 1296 2126 quaestionibus
1401 2119 1404 2124 1

190 2168 264 2210 sane
274 2150 369 2211 multo
384 2149 487 2230 aptius
496 2150 620 2210 ridetur
630 2149 816 2225 existimare,
834 2147 981 2210 Troianos
997 2152 1069 2230 post
1078 2149 1200 2211 Troiam
1214 2150 1295 2210 diru-

189 2256 253 2314 tam
281 2255 313 2314 in
350 2255 418 2314 loca
459 2255 497 2316 ab
527 2254 664 2334 ipsorum
693 2255 786 2332 gente
816 2255 877 2313 iam
908 2253 979 2314 inde
1016 2254 1053 2314 ab
1085 2253 1296 2333 antiquissimo

188 2360 325 2436 ternpore
348 2361 495 2438 occupata
516 2360 549 2418 et
567 2356 643 2418 Idae
665 2358 776 2418 montis
794 2357 923 2418 saltibus
945 2376 981 2418 ae
998 2358 1137 2418 faucibus
1157 2357 1296 2437 deruptis

190 2461 267 2540 satis
294 2461 413 2522 mnnita
442 2481 511 2522 sese
539 2461 706 2522 contulisse
735 2479 771 2523 ao
799 2464 908 2541 postea
930 2462 1047 2522 viribus
1070 2461 1204 2541 receptis
1224 2460 1297 2521 inde

185 2565 320 2626 colonias
334 2565 509 2640 deduxisse,
525 2583 614 2644 qnam
625 2565 811 2626 descendere
827 2565 860 2625 in
870 2566 1076 2645 quaestionem
1087 2563 1295 2625 difficillimam

185 2687 220 2730 ac
239 2687 337 2749 paene
369 2687 429 2728 non
453 2668 678 2729 diiudicandam
703 2669 741 2729 de
761 2666 947 2730 Teucrorum
975 2669 1026 2730 vel
1055 2688 1096 2729 ex
1119 2667 1222 2748 Cypro
1244 2671 1296 2732 ve„

185 2792 225 2832 ex
248 2773 341 2836 Orata
369 2771 479 2832 insulis
508 2773 652 2833 adventu.
696 2770 740 2833 At
767 2793 807 2832 ne
831 2773 898 2853 quis
914 2776 1017 2853 putet,
1043 2773 1113 2833 illos
1136 2769 1294 2833 Strabonis

185 2878 217 2936 et
239 2874 391 2938 Athenaei
413 2877 496 2938 locos
518 2896 580 2936 non
602 2877 680 2937 satis
703 2897 781 2953 esse,
803 2877 912 2956 quibus
936 2876 1087 2938 efficiatur
1105 2876 1137 2937 in
1160 2875 1294 2939 Cumano

185 2977 469 3059 fuisseGergithes,
492 2982 786 3041 commemorandum
810 2987 866 3057 est,
889 2981 921 3041 in
935 2983 1002 3055 hae,
1027 2982 1065 3042 de
1088 2998 1148 3058 qua
1164 2980 1294 3058 agimus,

187 3085 261 3144 urbe
283 3086 390 3144 natum
409 3104 479 3144 esse
496 3083 720 3164 Cephalionem,
744 3085 924 3165 scriptorem
945 3086 1142 3146 historiarum
1165 3085 1203 3144 de
1219 3082 1294 3144 Tro-

186 3189 324 3248 ianorum
345 3187 529 3267 migratione
550 3186 720 3249 et'Aeneae
743 3189 775 3250 in
789 3187 882 3250 Italia
897 3190 1040 3264 adventu,
1064 3189 1102 3248 de
1127 3207 1185 3267 quo
1205 3188 1295 3248 docte

184 3291 355 3353 Lobeokins
370 3291 402 3351 in
413 3288 626 3372 Aglaophamo
643 3291 806 3355 disseruit³
821 3310 857 3354 ac
872 3313 961 3372 quem
976 3291 1113 3368 suebos,
1125 3292 1294 3372 Dionysius

184 3395 470 3457 Halicarnassensis
483 3392 510 3471 5,
538 3395 651 3459 Festus
664 3397 693 3474 ⁶,
722 3398 774 3458 alii
799 3397 1042 3458 nominaverunt.
1087 3395 1238 3467 Quocirca
1267 3395 1295 3455 si

184 3519 244 3561 non
267 3518 374 3579 negas,
399 3499 612 3579 Cephalionem
635 3502 721 3562 iilum
740 3501 858 3564 vixisse
881 3501 975 3562 -id
995 3501 1076 3581 quod
1096 3519 1212 3580 negare
1234 3519 1295 3562 non

255 3759 281 3828 1)
299 3760 464 3831 Vipg.256.
483 3761 586 3817 τούτου
594 3762 659 3838 γὰρ,
673 3765 710 3826 ὥς
719 3767 801 3830 ἔοικε,
820 3769 869 3820 τοῦ
878 3761 980 3820 στόλου
998 3765 1143 3835 (salutanti
1158 3764 1293 3838 Τεύκρου)

183 3844 254 3902 τινὲς
272 3845 502 3908 ἀποσπασθέντες
520 3850 550 3904 ἐν
567 3857 600 3924 τῇ
618 3857 733 3922 Κυμαίᾳ
752 3855 899 3921 κατέσχον.

254 3932 282 4000 2)
301 3933 340 3986 sic
350 3933 511 3990 Teucrorum
530 3936 637 3991 nomina
654 3937 683 3991 in
701 3939 891 4007 gravissimum
904 3953 1019 3993 errorem
1038 3938 1070 3992 de
1081 3938 1181 3992 Teucro
1198 3939 1294 3993 harum

183 4017 291 4072 urbium
307 4019 445 4076 conditore
462 4021 588 4078 inductus
606 4026 655 4078 est.

254 4105 281 4174 3)
299 4122 345 4174 pg.
364 4107 510 4165 995-997.

253 4192 282 4260 4)
298 4191 367 4246 ΧΠΙ
384 4209 429 4262 pg.
449 4197 507 4250 589.

256 4277 485 4346 fflhfflmffl

254 4365 281 4435 6)
299 4382 344 4436 pg.
362 4365 422 4422 453.
