3082 4936
736 309 948 369 ..26-

292 511 361 553 esse
383 494 465 554 ortos
489 513 579 575 quam
601 493 766 554 carminum
788 493 1007 557 homericorum
1024 493 1207 574 particulam
1229 495 1399 574 genuinam

291 598 394 658 aetate
422 601 624 677 postremam,
656 598 689 658 id
715 600 764 659 est
790 618 851 660 non
881 599 953 659 ante
981 598 1136 662 saeculum
1158 601 1300 660 octauum
1322 600 1399 660 ante

292 701 361 766 Chr.
384 703 446 762 nat.

376 805 515 888 Denique
535 809 585 866 est
606 806 821 882 adnotandum,
844 808 876 868 et
898 807 935 866 ab
948 803 1080 868 Homero
1103 807 1134 866 et
1150 807 1286 866 anostro
1306 805 1398 886 hym·

291 910 448 991 nographo
471 913 521 985 ,νι
543 909 686 985 litteram,
712 929 803 992 quam
831 913 944 972 vocant
957 909 1203 991 ephelcystioam,
1225 929 1295 970 esse
1309 910 1399 970 inue-

292 1017 380 1090 ctam,
403 1014 455 1075 ubi
477 1032 514 1075 ea
535 1033 612 1095 opus
635 1033 695 1074 non
718 1017 775 1090 est,
800 1015 854 1076 sed
866 1017 901 1076 ut
915 1014 1019 1075 breuis
1033 1013 1154 1094 syllaba
1168 1013 1268 1074 finalis
1280 1013 1396 1094 produ-

292 1119 419 1194 curetur,
434 1118 460 1178 si
474 1137 584 1179 versus
602 1118 680 1180 ratio
697 1119 846 1200 syllabam
860 1119 1040 1200 productam
1053 1120 1204 1198 posceret,
1217 1119 1349 1180 maxime
1365 1117 1401 1178 in

290 1222 368 1300 pede
390 1222 496 1302 prime,
517 1222 548 1282 in
571 1243 629 1303 quo
650 1225 682 1284 et
704 1225 741 1284 ab
764 1221 896 1284 Homero
919 1226 951 1283 et
971 1232 1104 1284 anostro
1118 1224 1210 1302 poeta
1227 1223 1401 1302 spondeum

291 1325 425 1387 adamari
447 1325 508 1387 iam
529 1345 621 1406 supra
640 1327 804 1388 docuimus.
834 1327 934 1388 Huius
955 1327 1000 1388 rei
1015 1327 1155 1406 exempla
1169 1345 1280 1406 ponam
1302 1348 1354 1387 vu.
1368 1331 1399 1387 6.

292 1433 341 1490 31.
366 1433 415 1492 68.
440 1431 513 1492 158.
531 1435 602 1492 212.
631 1432 719 1501 Quae
740 1433 768 1492 si
788 1433 886 1492 animo
909 1435 1056 1506 tenemus,
1077 1434 1160 1492 recte
1174 1430 1310 1492 iudicare
1323 1451 1399 1512 pos-

292 1554 397 1596 sumus
424 1535 462 1596 de
492 1555 521 1596 v.
543 1538 614 1597 284.
664 1534 749 1596 Libri
779 1536 860 1597 euim
888 1535 1085 1616 manuscripti
1116 1554 1220 1596 omnes
1250 1535 1401 1597 exhibent

291 1637 454 1699 lectionem
486 1639 572 1700 initio
599 1660 709 1701 versus
732 1634 830 1723 φασί,
864 1658 942 1722 quae
964 1660 1032 1700 cnm
1053 1642 1149 1701 metro
1172 1659 1233 1700 non
1251 1641 1398 1719 congruit

291 1777 333 1788 —-
363 1761 434 1803 nam
469 1745 518 1804 est
552 1745 714 1806 trochaeus
751 1765 807 1824 pro
835 1745 966 1825 dactylo.
1019 1744 1124 1815 Quare
1149 1744 1336 1806 Matthiaeus
1363 1745 1397 1804 in

290 1847 621 1922 ‚animadversionibus
660 1850 699 1910 ad
732 1850 861 1930 hymnos
891 1849 1073 1910 homericos‘
1099 1848 1228 1910 coniecit
1257 1841 1393 1930 φάσθαι

289 1954 400 2027 ,nam‘,
428 1953 475 2014 uti
503 1953 561 2029 ait,
591 1955 680 2035 ,post
707 1946 735 2015 ei
755 1949 791 2016 δέ
811 1974 863 2026 τις
882 1943 1004 2036 εἴρηταί
1024 1972 1060 2013 σε
1083 1954 1114 2012 et
1132 1951 1315 2030 μυθεῖσθαι
1338 1973 1396 2033 pro

290 2055 469 2135 imperativo
500 2058 586 2139 sequi
611 2059 716 2134 debet,
745 2059 817 2140 quid
846 2055 1013 2119 Anchisam
1039 2057 1140 2118 dicere
1162 2057 1257 2117 vellet
1278 2056 1397 2132 Venus,

290 2178 350 2219 non
370 2160 442 2241 quid
463 2161 542 2222 fama
564 2162 720 2222 ferretur‘‚
748 2161 824 2224 Eius
840 2163 1043 2223 coniecturam
1056 2162 1238 2240 receperunt
1251 2161 1396 2238 Wolfius‚

290 2263 496 2340 Hermannus,
531 2265 769 2330 Baumeisterus.
821 2264 864 2328 At
896 2269 984 2327 tanta
1020 2265 1182 2326 verborum
1218 2265 1396 2341 mutatione,

291 2387 369 2450 quae
391 2370 540 2450 quomodo
562 2346 643 2431 facta
667 2371 787 2431 sitnon
808 2371 909 2444 video,
930 2389 1006 2449 opus
1029 2371 1165 2448 nonest,
1187 2389 1280 2451 quum
1301 2369 1396 2432 levis·

291 2473 368 2534 sima
382 2476 521 2549 metrum,
537 2472 618 2555 quod
633 2477 682 2534 est
696 2474 848 2549 vitiosum,
864 2475 963 2554 possit
978 2474 1087 2534 sanari.
1117 2473 1239 2535 Etenim
1247 2473 1397 2535 Mathiaci

289 2579 453 2638 verborum
482 2577 780 2658 interpretationem,
817 2578 843 2638 si
863 2577 933 2638 libri
957 2567 1090 2660 φάσθαι
1111 2578 1266 2656 legerent,
1289 2597 1397 2638 veram

291 2701 361 2742 esse
384 2680 572 2755 duceremus,
596 2681 651 2742 sed
673 2701 714 2742 ex
736 2683 793 2742 hae
813 2701 846 2742 re
868 2681 1020 2742 nonlicet
1042 2699 1166 2742 causam
1183 2681 1243 2743 loci
1258 2683 1397 2743 mutandi

289 2786 403 2864 petere.
448 2785 567 2855 Quodsi
587 2788 638 2859 ,o‘
661 2779 886 2868 ἐφελκυστικόν
908 2806 947 2846 ex
963 2804 1047 2846 more
1062 2786 1160 2847 nostri
1173 2785 1269 2866 ipsius
1284 2789 1396 2866 poetae

290 2891 322 2950 et
345 2886 471 2950 Homeri
499 2908 592 2969 supra
619 2889 759 2970 exposito
787 2890 855 2951 roci
884 2882 966 2973 φασί
995 2889 1166 2970 affigimus,
1192 2909 1303 2951 versus
1329 2891 1396 2950 sine

290 2993 359 3054 labe
381 2994 438 3069 est,
461 3013 550 3074 quem
572 3013 720 3055 unacum
741 3013 834 3054 versu
855 2995 993 3074 proximo
1018 2993 1060 3054 sie
1083 2993 1295 3073 interpreteris
1317 3018 1324 3054 :
1346 2993 1397 3054 die

290 3098 344 3159 illa
366 3115 481 3158 memor
500 3117 623 3172 eorum,
645 3116 723 3179 quae
744 3100 776 3158 te
797 3098 897 3158 dicere
917 3098 994 3160 iussi
1016 3099 1110 3160 :tum
1132 3099 1268 3178 profecto
1291 3098 1398 3159 dicunt

291 3201 441 3262 hominem
477 3221 546 3262 cum
576 3221 645 3262 esse
678 3206 783 3262 natum
810 3221 850 3262 ex
876 3202 1034 3282 nympha‘‚
1061 3207 1093 3263 et
1114 3224 1141 3283 q.
1165 3222 1189 3262 s.
1233 3200 1284 3262 Sic
1304 3202 1396 3262 lectio

290 3305 404 3366 tradita
426 3307 549 3366 servata
570 3308 627 3366 est.
691 3283 716 3363 ,⁸

377 3409 568 3472 Paucissima·
580 3411 650 3472 dein
664 3410 763 3472 dicam
778 3411 816 3470 de
831 3410 1020 3490 correptione
1034 3411 1195 3490 longarum
1210 3410 1398 3493 syllabarum

292 3514 428 3576 finalium
457 3519 527 3576 aute
551 3516 688 3578 vocalem
708 3515 793 3577 vocis
813 3515 970 3595 proximae
991 3515 1146 3577 initialem.
1190 3518 1279 3588 Quae
1298 3521 1347 3576 est
1366 3516 1398 3576 in

290 3619 372 3680 thesi
404 3622 525 3680 tantum
555 3639 694 3701 quaeque
720 3621 803 3699 apud
832 3617 999 3680 Homerum
1028 3620 1199 3682 sexcenties
1231 3620 1395 3694 invenitur,

291 3729 325 3783 at
356 3723 387 3782 iu
415 3724 528 3804 hymno
555 3725 660 3784 nostro
690 3724 792 3785 sexies
822 3729 853 3785 et
876 3723 1092 3806 quinquagies,
1118 3741 1272 3805 uunquam
1295 3728 1397 3785 autem

290 3827 321 3888 in
344 3827 416 3901 arsi,
438 3845 530 3908 quam
551 3827 583 3887 in
605 3828 756 3889 contrario
777 3828 841 3889 rim
862 3827 1050 3909 producendi
1068 3827 1180 3888 habere
1202 3827 1342 3889 uidimus.

376 3929 524 3992 Extremo
554 3932 620 3992 loco
644 3931 752 3992 afferre
770 3933 841 3994 volo
862 3933 947 3995 vocis
968 3925 1065 4004 καλὰς
1085 3931 1215 4010 priorem
1238 3931 1396 4011 syllabam,
1434 3959 1440 3976 ·

291 4053 370 4115 quae
404 4036 441 4095 ab
469 4033 601 4095 Homero
632 4055 752 4115 semper
773 4037 967 4118 producitur,
1008 4035 1039 4096 in
1058 4033 1162 4115 hymni
1184 4035 1301 4095 duobus
1321 4035 1396 4096 locis

292 4143 354 4217 (vv.
371 4144 410 4201 29
434 4143 467 4200 et
488 4139 562 4214 261)
585 4143 755 4220 correptam
776 4161 846 4203 esse
873 4175 910 4185 ⁷-
934 4159 1028 4222 quare
1048 4137 1241 4200 Hormunnrrs
1265 4138 1396 4220 (Orphic.

289 4262 344 4325 pg.
362 4244 438 4321 817)
470 4243 653 4323 scripturam
680 4245 754 4306 ferri
780 4264 842 4306 uon
869 4263 961 4324 posse
990 4245 1078 4325 putet
1100 4277 1150 4320 —-,
1180 4263 1273 4326 quum
1294 4244 1395 4305 decem

290 4346 345 4410 alii
372 4347 430 4409 loci
460 4349 585 4410 exstent
614 4350 676 4428 (vu.
701 4352 749 4410 64.
788 4352 837 4410 89.
867 4353 916 4412 97.
948 4351 997 4412 98.
1028 4347 1098 4412 156.
1127 4351 1196 4412 181..
1224 4351 1295 4411 183.
1325 4352 1395 4409 229.
