<?xml version="1.0" encoding="UTF-8"?>
<!DOCTYPE html PUBLIC "-//W3C//DTD XHTML 1.0 Transitional//EN"
    "http://www.w3.org/TR/xhtml1/DTD/xhtml1-transitional.dtd">
<html xmlns="http://www.w3.org/1999/xhtml" xml:lang="en" lang="en">
 <head>
  <title>
</title>
<meta http-equiv="Content-Type" content="text/html;charset=utf-8" />
  <meta name='ocr-system' content='tesseract 3.04.00' />
  <meta name='ocr-capabilities' content='ocr_page ocr_carea ocr_par ocr_line ocrx_word'/>
</head>
<body>
  <div class='ocr_page' id='page_1' title='image "./prolegomenaadhy01thiegoog_0011.png"; bbox 0 0 3082 4936; ppageno 0'>
   <div class='ocr_carea' id='block_1_1' title="bbox 692 286 886 342">
    <p class='ocr_par' dir='ltr' id='par_1_1' title="bbox 692 286 886 342">
     <span class='ocr_line' id='line_1_1' title="bbox 692 286 886 342; baseline 0.005 -17"><span class='ocrx_word' id='word_1_1' title='bbox 692 286 886 342; x_wconf 72' lang='lat'>..2-</span> 
     </span>
    </p>
   </div>
   <div class='ocr_carea' id='block_1_2' title="bbox 231 471 1397 4424">
    <p class='ocr_par' dir='ltr' id='par_1_2' title="bbox 231 471 1397 4424">
     <span class='ocr_line' id='line_1_2' title="bbox 234 471 1345 552; baseline 0.001 -20"><span class='ocrx_word' id='word_1_2' title='bbox 234 472 311 532; x_wconf 90' lang='lat' dir='ltr'>sinis</span> <span class='ocrx_word' id='word_1_3' title='bbox 334 489 446 532; x_wconf 86' lang='lat' dir='ltr'>novam</span> <span class='ocrx_word' id='word_1_4' title='bbox 467 471 554 552; x_wconf 82' lang='lat' dir='ltr'><strong>quasi</strong></span> <span class='ocrx_word' id='word_1_5' title='bbox 576 471 659 531; x_wconf 86' lang='lat' dir='ltr'>viam</span> <span class='ocrx_word' id='word_1_6' title='bbox 682 472 865 552; x_wconf 85' lang='lat' dir='ltr'><strong>hymnorum</strong></span> <span class='ocrx_word' id='word_1_7' title='bbox 885 475 917 531; x_wconf 92' lang='lat' dir='ltr'>et</span> <span class='ocrx_word' id='word_1_8' title='bbox 932 471 1119 532; x_wconf 91' lang='lat' dir='ltr'>edendorum</span> <span class='ocrx_word' id='word_1_9' title='bbox 1135 474 1167 532; x_wconf 92' lang='lat' dir='ltr'>et</span> <span class='ocrx_word' id='word_1_10' title='bbox 1181 473 1345 533; x_wconf 88' lang='lat' dir='ltr'>emendan-</span> 
     </span>
     <span class='ocr_line' id='line_1_3' title="bbox 233 573 1345 656; baseline 0.002 -21"><span class='ocrx_word' id='word_1_11' title='bbox 233 576 341 636; x_wconf 90' lang='lat' dir='ltr'>dorum</span> <span class='ocrx_word' id='word_1_12' title='bbox 363 575 518 655; x_wconf 75' lang='lat' dir='ltr'>patefecit.</span> <span class='ocrx_word' id='word_1_13' title='bbox 562 573 666 656; x_wconf 88' lang='lat' dir='ltr'>Atque</span> <span class='ocrx_word' id='word_1_14' title='bbox 687 575 791 655; x_wconf 89' lang='lat' dir='ltr'>paullo</span> <span class='ocrx_word' id='word_1_15' title='bbox 815 578 886 655; x_wconf 89' lang='lat' dir='ltr'>post</span> <span class='ocrx_word' id='word_1_16' title='bbox 909 575 1040 654; x_wconf 82' lang='lat' dir='ltr'>contigit</span> <span class='ocrx_word' id='word_1_17' title='bbox 1066 595 1139 636; x_wconf 90' lang='lat' dir='ltr'>casu</span> <span class='ocrx_word' id='word_1_18' title='bbox 1160 576 1345 652; x_wconf 85' lang='lat' dir='ltr'>felicissimo,</span> 
     </span>
     <span class='ocr_line' id='line_1_4' title="bbox 231 675 1345 759; baseline 0.003 -22"><span class='ocrx_word' id='word_1_19' title='bbox 231 681 268 739; x_wconf 92' lang='lat' dir='ltr'>ut</span> <span class='ocrx_word' id='word_1_20' title='bbox 303 675 384 757; x_wconf 79' lang='lat' dir='ltr'><strong>Aug.</strong></span> <span class='ocrx_word' id='word_1_21' title='bbox 405 677 594 738; x_wconf 85' lang='lat' dir='ltr'>Matthiaeus</span> <span class='ocrx_word' id='word_1_22' title='bbox 616 677 792 739; x_wconf 85' lang='lat' dir='ltr'>Moscoviae</span> <span class='ocrx_word' id='word_1_23' title='bbox 831 679 870 756; x_wconf 91' lang='lat' dir='ltr'>(a.</span> <span class='ocrx_word' id='word_1_24' title='bbox 903 680 999 756; x_wconf 99' lang='grc'>1780)</span> <span class='ocrx_word' id='word_1_25' title='bbox 1034 679 1184 759; x_wconf 89' lang='lat' dir='ltr'>reperiret</span> <span class='ocrx_word' id='word_1_26' title='bbox 1211 681 1345 740; x_wconf 79' lang='lat' dir='ltr'>codicem</span> 
     </span>
     <span class='ocr_line' id='line_1_5' title="bbox 233 778 1345 864; baseline 0.002 -22"><span class='ocrx_word' id='word_1_27' title='bbox 233 778 325 862; x_wconf 89' lang='lat' dir='ltr'>pretii</span> <span class='ocrx_word' id='word_1_28' title='bbox 348 781 465 858; x_wconf 90' lang='lat' dir='ltr'>summi,</span> <span class='ocrx_word' id='word_1_29' title='bbox 488 781 531 842; x_wconf 91' lang='lat' dir='ltr'>in.</span> <span class='ocrx_word' id='word_1_30' title='bbox 544 801 603 863; x_wconf 92' lang='lat' dir='ltr'>quc</span> <span class='ocrx_word' id='word_1_31' title='bbox 624 781 706 842; x_wconf 91' lang='lat' dir='ltr'>inter</span> <span class='ocrx_word' id='word_1_32' title='bbox 728 788 847 843; x_wconf 89' lang='lat' dir='ltr'>ceteros</span> <span class='ocrx_word' id='word_1_33' title='bbox 870 783 1001 864; x_wconf 80' lang='lat' dir='ltr'><strong>hymnos</strong></span> <span class='ocrx_word' id='word_1_34' title='bbox 1024 783 1193 845; x_wconf 77' lang='lat' dir='ltr'>homericos</span> <span class='ocrx_word' id='word_1_35' title='bbox 1211 784 1345 864; x_wconf 82' lang='lat' dir='ltr'><strong>hymnus</strong></span> 
     </span>
     <span class='ocr_line' id='line_1_6' title="bbox 231 886 1347 968; baseline 0.002 -22"><span class='ocrx_word' id='word_1_36' title='bbox 231 887 264 947; x_wconf 92' lang='lat' dir='ltr'>in</span> <span class='ocrx_word' id='word_1_37' title='bbox 280 886 423 950; x_wconf 79' lang='lat' dir='ltr'>Cererem</span> <span class='ocrx_word' id='word_1_38' title='bbox 443 904 563 967; x_wconf 92' lang='lat' dir='ltr'>quoque</span> <span class='ocrx_word' id='word_1_39' title='bbox 579 887 731 962; x_wconf 88' lang='lat' dir='ltr'>exstabat,</span> <span class='ocrx_word' id='word_1_40' title='bbox 747 887 799 967; x_wconf 92' lang='lat' dir='ltr'>qui</span> <span class='ocrx_word' id='word_1_41' title='bbox 815 905 998 968; x_wconf 88' lang='lat' dir='ltr'>quamquam</span> <span class='ocrx_word' id='word_1_42' title='bbox 1012 888 1195 949; x_wconf 90' lang='lat' dir='ltr'>testimoniis</span> <span class='ocrx_word' id='word_1_43' title='bbox 1206 890 1347 949; x_wconf 89' lang='lat' dir='ltr'>veterum</span> 
     </span>
     <span class='ocr_line' id='line_1_7' title="bbox 234 990 1347 1071; baseline 0.001 -20"><span class='ocrx_word' id='word_1_44' title='bbox 234 992 418 1071; x_wconf 89' lang='lat' dir='ltr'>scriptorum</span> <span class='ocrx_word' id='word_1_45' title='bbox 439 990 618 1051; x_wconf 91' lang='lat' dir='ltr'>notissimus</span> <span class='ocrx_word' id='word_1_46' title='bbox 640 991 807 1071; x_wconf 90' lang='lat' dir='ltr'>permulta</span> <span class='ocrx_word' id='word_1_47' title='bbox 822 994 925 1052; x_wconf 90' lang='lat' dir='ltr'>tamen</span> <span class='ocrx_word' id='word_1_48' title='bbox 941 992 1065 1052; x_wconf 89' lang='lat' dir='ltr'>saecula</span> <span class='ocrx_word' id='word_1_49' title='bbox 1080 993 1221 1054; x_wconf 89' lang='lat' dir='ltr'>latuerat.</span> <span class='ocrx_word' id='word_1_50' title='bbox 1254 993 1347 1064; x_wconf 78' lang='lat' dir='ltr'>Quod</span> 
     </span>
     <span class='ocr_line' id='line_1_8' title="bbox 233 1095 1386 1175; baseline 0 -19"><span class='ocrx_word' id='word_1_51' title='bbox 233 1115 356 1157; x_wconf 90' lang='lat' dir='ltr'>carmen</span> <span class='ocrx_word' id='word_1_52' title='bbox 377 1095 581 1157; x_wconf 84' lang='lat' dir='ltr'>Ruhnkenins</span> <span class='ocrx_word' id='word_1_53' title='bbox 613 1096 764 1175; x_wconf 80' lang='grc'>(01782)</span> <span class='ocrx_word' id='word_1_54' title='bbox 795 1097 901 1157; x_wconf 89' lang='lat' dir='ltr'>multis</span> <span class='ocrx_word' id='word_1_55' title='bbox 928 1096 1004 1158; x_wconf 91' lang='lat' dir='ltr'>locis</span> <span class='ocrx_word' id='word_1_56' title='bbox 1027 1099 1220 1158; x_wconf 92' lang='lat' dir='ltr'>emendatum</span> <span class='ocrx_word' id='word_1_57' title='bbox 1241 1097 1346 1158; x_wconf 83' lang='lat' dir='ltr'>edidit.</span> <span class='ocrx_word' id='word_1_58' title='bbox 1385 1169 1386 1172; x_wconf 8' lang='grc' dir='ltr'><strong>Ἴ</strong></span> 
     </span>
     <span class='ocr_line' id='line_1_9' title="bbox 233 1197 1347 1282; baseline 0.001 -22"><span class='ocrx_word' id='word_1_59' title='bbox 233 1199 313 1261; x_wconf 90' lang='lat' dir='ltr'>Dein</span> <span class='ocrx_word' id='word_1_60' title='bbox 335 1197 548 1262; x_wconf 84' lang='lat' dir='ltr'>Groddeckins</span> <span class='ocrx_word' id='word_1_61' title='bbox 576 1201 831 1262; x_wconf 81' lang='lat' dir='ltr'>commentatione</span> <span class='ocrx_word' id='word_1_62' title='bbox 861 1201 900 1262; x_wconf 90' lang='lat' dir='ltr'>de</span> <span class='ocrx_word' id='word_1_63' title='bbox 923 1202 1106 1282; x_wconf 84' lang='lat' dir='ltr'><strong>hymnorum</strong></span> <span class='ocrx_word' id='word_1_64' title='bbox 1126 1202 1347 1262; x_wconf 88' lang='lat' dir='ltr'>homericorum</span> 
     </span>
     <span class='ocr_line' id='line_1_10' title="bbox 234 1304 1347 1386; baseline 0.001 -21"><span class='ocrx_word' id='word_1_65' title='bbox 234 1304 371 1386; x_wconf 90' lang='lat' dir='ltr'>reliquiis</span> <span class='ocrx_word' id='word_1_66' title='bbox 400 1307 438 1384; x_wconf 89' lang='lat' dir='ltr'>(a.</span> <span class='ocrx_word' id='word_1_67' title='bbox 457 1305 552 1382; x_wconf 90' lang='grc'>1786)</span> <span class='ocrx_word' id='word_1_68' title='bbox 585 1305 701 1385; x_wconf 88' lang='lat' dir='ltr'>scripta</span> <span class='ocrx_word' id='word_1_69' title='bbox 731 1305 853 1386; x_wconf 82' lang='lat' dir='ltr'><strong>hymnis</strong></span> <span class='ocrx_word' id='word_1_70' title='bbox 876 1306 1034 1386; x_wconf 87' lang='lat' dir='ltr'>exiguam,</span> <span class='ocrx_word' id='word_1_71' title='bbox 1064 1306 1120 1366; x_wconf 92' lang='lat' dir='ltr'>sed</span> <span class='ocrx_word' id='word_1_72' title='bbox 1144 1325 1217 1367; x_wconf 91' lang='lat' dir='ltr'>sane</span> <span class='ocrx_word' id='word_1_73' title='bbox 1238 1305 1347 1366; x_wconf 89' lang='lat' dir='ltr'>utilem</span> 
     </span>
     <span class='ocr_line' id='line_1_11' title="bbox 235 1409 1346 1491; baseline 0.001 -22"><span class='ocrx_word' id='word_1_74' title='bbox 235 1429 358 1489; x_wconf 90' lang='lat' dir='ltr'>operam</span> <span class='ocrx_word' id='word_1_75' title='bbox 380 1411 509 1472; x_wconf 85' lang='lat' dir='ltr'>navavit</span> <span class='ocrx_word' id='word_1_76' title='bbox 530 1429 587 1472; x_wconf 90' lang='lat' dir='ltr'>nco</span> <span class='ocrx_word' id='word_1_77' title='bbox 609 1429 670 1486; x_wconf 87' lang='grc'>000</span> <span class='ocrx_word' id='word_1_78' title='bbox 684 1409 818 1472; x_wconf 88' lang='lat' dir='ltr'>Wolfius</span> <span class='ocrx_word' id='word_1_79' title='bbox 837 1410 869 1470; x_wconf 94' lang='lat' dir='ltr'>in</span> <span class='ocrx_word' id='word_1_80' title='bbox 884 1411 1110 1491; x_wconf 85' lang='lat' dir='ltr'>prolegomenis</span> <span class='ocrx_word' id='word_1_81' title='bbox 1126 1411 1165 1471; x_wconf 89' lang='lat' dir='ltr'>ad</span> <span class='ocrx_word' id='word_1_82' title='bbox 1180 1409 1346 1471; x_wconf 87' lang='lat' dir='ltr'><strong>Homerum</strong></span> 
     </span>
     <span class='ocr_line' id='line_1_12' title="bbox 240 1507 1348 1596; baseline -0.001 -21"><span class='ocrx_word' id='word_1_83' title='bbox 240 1514 331 1590; x_wconf 90' lang='lat' dir='ltr'>datis,</span> <span class='ocrx_word' id='word_1_84' title='bbox 352 1515 389 1575; x_wconf 85' lang='lat' dir='ltr'>cf.</span> <span class='ocrx_word' id='word_1_85' title='bbox 412 1507 555 1577; x_wconf 81' lang='lat' dir='ltr'>Schwalb</span> <span class='ocrx_word' id='word_1_86' title='bbox 577 1516 609 1575; x_wconf 93' lang='lat' dir='ltr'>in</span> <span class='ocrx_word' id='word_1_87' title='bbox 631 1533 734 1594; x_wconf 78' lang='lat' dir='ltr'>progr.</span> <span class='ocrx_word' id='word_1_88' title='bbox 756 1515 882 1575; x_wconf 91' lang='lat' dir='ltr'>laudato</span> <span class='ocrx_word' id='word_1_89' title='bbox 898 1513 983 1577; x_wconf 83' lang='lat' dir='ltr'>Olev.</span> <span class='ocrx_word' id='word_1_90' title='bbox 1003 1535 1055 1595; x_wconf 82' lang='lat' dir='ltr'>pg.</span> <span class='ocrx_word' id='word_1_91' title='bbox 1075 1517 1115 1575; x_wconf 89' lang='lat'>10</span> <span class='ocrx_word' id='word_1_92' title='bbox 1136 1535 1180 1596; x_wconf 90' lang='lat' dir='ltr'>sq.</span> <span class='ocrx_word' id='word_1_93' title='bbox 1208 1513 1348 1594; x_wconf 84' lang='lat' dir='ltr'>Ilgenins</span> 
     </span>
     <span class='ocr_line' id='line_1_13' title="bbox 235 1618 1346 1701; baseline 0 -22"><span class='ocrx_word' id='word_1_94' title='bbox 235 1621 351 1695; x_wconf 91' lang='lat' dir='ltr'>autem,</span> <span class='ocrx_word' id='word_1_95' title='bbox 390 1620 442 1700; x_wconf 91' lang='lat' dir='ltr'>qui</span> <span class='ocrx_word' id='word_1_96' title='bbox 479 1620 609 1701; x_wconf 89' lang='lat' dir='ltr'><strong>hymnos</strong></span> <span class='ocrx_word' id='word_1_97' title='bbox 647 1619 728 1680; x_wconf 90' lang='lat' dir='ltr'>iusto</span> <span class='ocrx_word' id='word_1_98' title='bbox 761 1618 918 1680; x_wconf 82' lang='lat' dir='ltr'>volumine</span> <span class='ocrx_word' id='word_1_99' title='bbox 952 1637 979 1680; x_wconf 90' lang='lat' dir='ltr'>a.</span> <span class='ocrx_word' id='word_1_100' title='bbox 1010 1622 1093 1682; x_wconf 87' lang='grc'>1786</span> <span class='ocrx_word' id='word_1_101' title='bbox 1124 1619 1233 1695; x_wconf 86' lang='lat' dir='ltr'>edidit,</span> <span class='ocrx_word' id='word_1_102' title='bbox 1267 1639 1346 1680; x_wconf 91' lang='lat' dir='ltr'>com-</span> 
     </span>
     <span class='ocr_line' id='line_1_14' title="bbox 235 1723 1346 1805; baseline 0.001 -23"><span class='ocrx_word' id='word_1_103' title='bbox 235 1723 381 1803; x_wconf 90' lang='lat' dir='ltr'>plectitur</span> <span class='ocrx_word' id='word_1_104' title='bbox 407 1725 471 1784; x_wconf 86' lang='lat' dir='ltr'>fere</span> <span class='ocrx_word' id='word_1_105' title='bbox 500 1743 621 1798; x_wconf 91' lang='lat' dir='ltr'>omnes,</span> <span class='ocrx_word' id='word_1_106' title='bbox 652 1741 730 1804; x_wconf 91' lang='lat' dir='ltr'>quae</span> <span class='ocrx_word' id='word_1_107' title='bbox 758 1743 856 1805; x_wconf 92' lang='lat' dir='ltr'>usque</span> <span class='ocrx_word' id='word_1_108' title='bbox 887 1724 926 1784; x_wconf 91' lang='lat' dir='ltr'>ad</span> <span class='ocrx_word' id='word_1_109' title='bbox 956 1723 988 1784; x_wconf 91' lang='lat' dir='ltr'>id</span> <span class='ocrx_word' id='word_1_110' title='bbox 1021 1726 1142 1803; x_wconf 89' lang='lat' dir='ltr'>tempus</span> <span class='ocrx_word' id='word_1_111' title='bbox 1173 1724 1346 1799; x_wconf 86' lang='lat' dir='ltr'>exstabant,</span> 
     </span>
     <span class='ocr_line' id='line_1_15' title="bbox 236 1827 1350 1908; baseline 0.002 -22"><span class='ocrx_word' id='word_1_112' title='bbox 236 1827 395 1907; x_wconf 86' lang='lat' dir='ltr'>opiniones</span> <span class='ocrx_word' id='word_1_113' title='bbox 423 1830 455 1890; x_wconf 91' lang='lat' dir='ltr'>et</span> <span class='ocrx_word' id='word_1_114' title='bbox 483 1827 753 1890; x_wconf 83' lang='lat' dir='ltr'>commentationes</span> <span class='ocrx_word' id='word_1_115' title='bbox 779 1828 818 1888; x_wconf 91' lang='lat' dir='ltr'>de</span> <span class='ocrx_word' id='word_1_116' title='bbox 847 1827 978 1908; x_wconf 82' lang='lat' dir='ltr'>hymnis</span> <span class='ocrx_word' id='word_1_117' title='bbox 1023 1828 1123 1899; x_wconf 82' lang='lat' dir='ltr'>Quem</span> <span class='ocrx_word' id='word_1_118' title='bbox 1152 1827 1255 1908; x_wconf 92' lang='lat' dir='ltr'>paullo</span> <span class='ocrx_word' id='word_1_119' title='bbox 1278 1832 1350 1907; x_wconf 90' lang='lat' dir='ltr'>post</span> 
     </span>
     <span class='ocr_line' id='line_1_16' title="bbox 237 1929 1348 2012; baseline 0.001 -21"><span class='ocrx_word' id='word_1_120' title='bbox 237 1935 362 1992; x_wconf 90' lang='lat' dir='ltr'>secutus</span> <span class='ocrx_word' id='word_1_121' title='bbox 384 1933 433 1992; x_wconf 88' lang='lat' dir='ltr'>est</span> <span class='ocrx_word' id='word_1_122' title='bbox 453 1929 535 2011; x_wconf 83' lang='lat' dir='ltr'>Aug.</span> <span class='ocrx_word' id='word_1_123' title='bbox 550 1931 749 2007; x_wconf 85' lang='lat' dir='ltr'>Matthiaeus,</span> <span class='ocrx_word' id='word_1_124' title='bbox 773 1931 860 1992; x_wconf 88' lang='lat' dir='ltr'>cuius</span> <span class='ocrx_word' id='word_1_125' title='bbox 876 1932 1156 1993; x_wconf 78' lang='lat' dir='ltr'>animadversiones</span> <span class='ocrx_word' id='word_1_126' title='bbox 1171 1932 1203 1992; x_wconf 92' lang='lat' dir='ltr'>in</span> <span class='ocrx_word' id='word_1_127' title='bbox 1218 1931 1348 2012; x_wconf 90' lang='lat' dir='ltr'><strong>hymnos</strong></span> 
     </span>
     <span class='ocr_line' id='line_1_17' title="bbox 238 2036 1397 2118; baseline 0.002 -23"><span class='ocrx_word' id='word_1_128' title='bbox 238 2036 406 2096; x_wconf 89' lang='lat' dir='ltr'>homericos</span> <span class='ocrx_word' id='word_1_129' title='bbox 431 2055 457 2096; x_wconf 91' lang='lat' dir='ltr'>a.</span> <span class='ocrx_word' id='word_1_130' title='bbox 482 2039 565 2098; x_wconf 86' lang='lat'>1800</span> <span class='ocrx_word' id='word_1_131' title='bbox 589 2036 788 2118; x_wconf 89' lang='lat' dir='ltr'>eiusdemque</span> <span class='ocrx_word' id='word_1_132' title='bbox 809 2036 902 2098; x_wconf 91' lang='lat' dir='ltr'>editio</span> <span class='ocrx_word' id='word_1_133' title='bbox 922 2037 1106 2117; x_wconf 87' lang='lat' dir='ltr'><strong>hymnomm</strong></span> <span class='ocrx_word' id='word_1_134' title='bbox 1128 2055 1153 2096; x_wconf 91' lang='lat' dir='ltr'>a.</span> <span class='ocrx_word' id='word_1_135' title='bbox 1171 2039 1254 2098; x_wconf 95' lang='grc'>1805</span> <span class='ocrx_word' id='word_1_136' title='bbox 1279 2056 1347 2116; x_wconf 92' lang='lat' dir='ltr'>pro·</span> <span class='ocrx_word' id='word_1_137' title='bbox 1390 2075 1397 2090; x_wconf 84' lang='lat'><strong>·</strong></span> 
     </span>
     <span class='ocr_line' id='line_1_18' title="bbox 236 2137 1348 2222; baseline 0.001 -22"><span class='ocrx_word' id='word_1_138' title='bbox 236 2140 366 2201; x_wconf 91' lang='lat' dir='ltr'>dierunt.</span> <span class='ocrx_word' id='word_1_139' title='bbox 397 2137 459 2201; x_wconf 81' lang='grc'>800</span> <span class='ocrx_word' id='word_1_140' title='bbox 473 2143 638 2222; x_wconf 91' lang='lat' dir='ltr'>utrumque</span> <span class='ocrx_word' id='word_1_141' title='bbox 649 2141 742 2220; x_wconf 87' lang='lat' dir='ltr'>longe</span> <span class='ocrx_word' id='word_1_142' title='bbox 759 2141 919 2222; x_wconf 86' lang='lat' dir='ltr'>superavit</span> <span class='ocrx_word' id='word_1_143' title='bbox 934 2137 1128 2202; x_wconf 84' lang='lat' dir='ltr'>Godofredus</span> <span class='ocrx_word' id='word_1_144' title='bbox 1144 2141 1348 2218; x_wconf 89' lang='lat' dir='ltr'>Hermannus,</span> 
     </span>
     <span class='ocr_line' id='line_1_19' title="bbox 237 2245 1348 2326; baseline 0.002 -22"><span class='ocrx_word' id='word_1_145' title='bbox 237 2245 288 2326; x_wconf 91' lang='lat' dir='ltr'>qui</span> <span class='ocrx_word' id='word_1_146' title='bbox 303 2245 335 2304; x_wconf 90' lang='lat' dir='ltr'>in</span> <span class='ocrx_word' id='word_1_147' title='bbox 350 2245 483 2306; x_wconf 89' lang='lat' dir='ltr'>editione</span> <span class='ocrx_word' id='word_1_148' title='bbox 499 2264 556 2306; x_wconf 89' lang='lat' dir='ltr'>sua</span> <span class='ocrx_word' id='word_1_149' title='bbox 567 2249 598 2306; x_wconf 94' lang='lat' dir='ltr'>et</span> <span class='ocrx_word' id='word_1_150' title='bbox 609 2247 713 2306; x_wconf 87' lang='lat' dir='ltr'>verbis</span> <span class='ocrx_word' id='word_1_151' title='bbox 725 2245 923 2306; x_wconf 85' lang='lat' dir='ltr'>emendandis</span> <span class='ocrx_word' id='word_1_152' title='bbox 935 2249 967 2307; x_wconf 93' lang='lat' dir='ltr'>et</span> <span class='ocrx_word' id='word_1_153' title='bbox 979 2246 1140 2306; x_wconf 85' lang='lat' dir='ltr'>sententiis</span> <span class='ocrx_word' id='word_1_154' title='bbox 1151 2245 1348 2306; x_wconf 84' lang='lat' dir='ltr'>enucleandis</span> 
     </span>
     <span class='ocr_line' id='line_1_20' title="bbox 236 2331 1349 2431; baseline 0.002 -23"><span class='ocrx_word' id='word_1_155' title='bbox 236 2351 357 2409; x_wconf 91' lang='lat' dir='ltr'>tautum</span> <span class='ocrx_word' id='word_1_156' title='bbox 383 2350 557 2430; x_wconf 85' lang='lat' dir='ltr'>praestitit,</span> <span class='ocrx_word' id='word_1_157' title='bbox 591 2351 634 2411; x_wconf 49' lang='lat' dir='ltr'>ut*</span> <span class='ocrx_word' id='word_1_158' title='bbox 648 2331 774 2411; x_wconf 90' lang='lat' dir='ltr'>dubium</span> <span class='ocrx_word' id='word_1_159' title='bbox 794 2351 928 2425; x_wconf 92' lang='lat' dir='ltr'>nonsit,</span> <span class='ocrx_word' id='word_1_160' title='bbox 966 2351 1039 2431; x_wconf 89' lang='lat' dir='ltr'>quin</span> <span class='ocrx_word' id='word_1_161' title='bbox 1061 2348 1239 2410; x_wconf 89' lang='lat' dir='ltr'>Ruhnkenii</span> <span class='ocrx_word' id='word_1_162' title='bbox 1256 2351 1349 2411; x_wconf 90' lang='lat' dir='ltr'>etiam</span> 
     </span>
     <span class='ocr_line' id='line_1_21' title="bbox 236 2445 1348 2536; baseline 0.003 -24"><span class='ocrx_word' id='word_1_163' title='bbox 236 2452 345 2514; x_wconf 90' lang='lat' dir='ltr'>laudes</span> <span class='ocrx_word' id='word_1_164' title='bbox 368 2445 597 2536; x_wconf 71' lang='lat' dir='ltr'>adaequaverit.</span> <span class='ocrx_word' id='word_1_165' title='bbox 634 2453 709 2514; x_wconf 84' lang='lat' dir='ltr'>Post</span> <span class='ocrx_word' id='word_1_166' title='bbox 724 2452 935 2514; x_wconf 90' lang='lat' dir='ltr'>Hermannum</span> <span class='ocrx_word' id='word_1_167' title='bbox 949 2445 1032 2514; x_wconf 79' lang='lat' dir='ltr'>Friu&#39;.</span> <span class='ocrx_word' id='word_1_168' title='bbox 1047 2453 1203 2514; x_wconf 84' lang='lat' dir='ltr'>Frankius</span> <span class='ocrx_word' id='word_1_169' title='bbox 1218 2455 1348 2534; x_wconf 88' lang='lat' dir='ltr'><strong>hymnos</strong></span> 
     </span>
     <span class='ocr_line' id='line_1_22' title="bbox 238 2557 1349 2638; baseline 0.002 -20"><span class='ocrx_word' id='word_1_170' title='bbox 238 2558 277 2618; x_wconf 89' lang='lat' dir='ltr'>ad</span> <span class='ocrx_word' id='word_1_171' title='bbox 298 2559 482 2638; x_wconf 89' lang='lat' dir='ltr'>optimarum</span> <span class='ocrx_word' id='word_1_172' title='bbox 502 2558 671 2620; x_wconf 87' lang='lat' dir='ltr'>editionum</span> <span class='ocrx_word' id='word_1_173' title='bbox 691 2557 784 2619; x_wconf 89' lang='lat' dir='ltr'>fidem</span> <span class='ocrx_word' id='word_1_174' title='bbox 806 2557 960 2619; x_wconf 90' lang='lat' dir='ltr'>recensuit</span> <span class='ocrx_word' id='word_1_175' title='bbox 983 2565 1015 2618; x_wconf 88' lang='lat' dir='ltr'>et</span> <span class='ocrx_word' id='word_1_176' title='bbox 1036 2557 1157 2618; x_wconf 88' lang='lat' dir='ltr'>delectu</span> <span class='ocrx_word' id='word_1_177' title='bbox 1175 2559 1349 2638; x_wconf 89' lang='lat' dir='ltr'>opinionum</span> 
     </span>
     <span class='ocr_line' id='line_1_23' title="bbox 238 2661 1351 2743; baseline 0.001 -20"><span class='ocrx_word' id='word_1_178' title='bbox 238 2663 341 2723; x_wconf 88' lang='lat' dir='ltr'>habito</span> <span class='ocrx_word' id='word_1_179' title='bbox 370 2683 424 2724; x_wconf 92' lang='lat' dir='ltr'>eos</span> <span class='ocrx_word' id='word_1_180' title='bbox 452 2664 534 2725; x_wconf 89' lang='lat' dir='ltr'>notis</span> <span class='ocrx_word' id='word_1_181' title='bbox 560 2664 707 2725; x_wconf 82' lang='lat' dir='ltr'>instruxit</span> <span class='ocrx_word' id='word_1_182' title='bbox 725 2663 919 2743; x_wconf 90' lang='lat' dir='ltr'>potissimum</span> <span class='ocrx_word' id='word_1_183' title='bbox 937 2661 1146 2724; x_wconf 87' lang='lat' dir='ltr'>Hermannum</span> <span class='ocrx_word' id='word_1_184' title='bbox 1167 2663 1351 2742; x_wconf 89' lang='lat' dir='ltr'>magistrum</span> 
     </span>
     <span class='ocr_line' id='line_1_24' title="bbox 236 2766 1349 2850; baseline 0.003 -24"><span class='ocrx_word' id='word_1_185' title='bbox 236 2769 370 2829; x_wconf 89' lang='lat' dir='ltr'>secutus.</span> <span class='ocrx_word' id='word_1_186' title='bbox 414 2766 458 2829; x_wconf 87' lang='lat' dir='ltr'>At</span> <span class='ocrx_word' id='word_1_187' title='bbox 485 2769 572 2830; x_wconf 88' lang='lat' dir='ltr'>libris</span> <span class='ocrx_word' id='word_1_188' title='bbox 599 2768 831 2850; x_wconf 87' lang='lat' dir='ltr'>manuscriptis,</span> <span class='ocrx_word' id='word_1_189' title='bbox 868 2769 921 2850; x_wconf 92' lang='lat' dir='ltr'>qui</span> <span class='ocrx_word' id='word_1_190' title='bbox 950 2767 1121 2829; x_wconf 90' lang='lat' dir='ltr'>certissima</span> <span class='ocrx_word' id='word_1_191' title='bbox 1143 2787 1214 2830; x_wconf 89' lang='lat' dir='ltr'>esse</span> <span class='ocrx_word' id='word_1_192' title='bbox 1237 2768 1349 2830; x_wconf 87' lang='lat' dir='ltr'>debent</span> 
     </span>
     <span class='ocr_line' id='line_1_25' title="bbox 234 2871 1349 2954; baseline 0.003 -23"><span class='ocrx_word' id='word_1_193' title='bbox 234 2871 433 2933; x_wconf 86' lang='lat' dir='ltr'>fundamenta</span> <span class='ocrx_word' id='word_1_194' title='bbox 463 2891 590 2953; x_wconf 88' lang='lat' dir='ltr'>operum</span> <span class='ocrx_word' id='word_1_195' title='bbox 618 2875 758 2934; x_wconf 87' lang='lat' dir='ltr'>veterum</span> <span class='ocrx_word' id='word_1_196' title='bbox 788 2873 972 2953; x_wconf 88' lang='lat' dir='ltr'>scriptorum</span> <span class='ocrx_word' id='word_1_197' title='bbox 995 2871 1193 2947; x_wconf 85' lang='lat' dir='ltr'>edendorum,</span> <span class='ocrx_word' id='word_1_198' title='bbox 1231 2890 1269 2932; x_wconf 92' lang='lat' dir='ltr'>ea</span> <span class='ocrx_word' id='word_1_199' title='bbox 1289 2892 1349 2954; x_wconf 91' lang='lat' dir='ltr'>qua</span> 
     </span>
     <span class='ocr_line' id='line_1_26' title="bbox 235 2969 1348 3059; baseline 0.003 -24"><span class='ocrx_word' id='word_1_200' title='bbox 235 2994 292 3056; x_wconf 90' lang='lat' dir='ltr'>par</span> <span class='ocrx_word' id='word_1_201' title='bbox 312 2978 361 3037; x_wconf 81' lang='lat' dir='ltr'>est</span> <span class='ocrx_word' id='word_1_202' title='bbox 376 2977 547 3038; x_wconf 89' lang='lat' dir='ltr'>subtilitate</span> <span class='ocrx_word' id='word_1_203' title='bbox 561 2981 593 3038; x_wconf 91' lang='lat' dir='ltr'>et</span> <span class='ocrx_word' id='word_1_204' title='bbox 608 2969 770 3057; x_wconf 86' lang='lat' dir='ltr'>diligentia</span> <span class='ocrx_word' id='word_1_205' title='bbox 784 2979 895 3038; x_wconf 91' lang='lat' dir='ltr'>neuter</span> <span class='ocrx_word' id='word_1_206' title='bbox 909 2997 985 3038; x_wconf 90' lang='lat' dir='ltr'>usus</span> <span class='ocrx_word' id='word_1_207' title='bbox 1002 2981 1057 3036; x_wconf 92' lang='lat' dir='ltr'>est.</span> <span class='ocrx_word' id='word_1_208' title='bbox 1087 2974 1203 3036; x_wconf 88' lang='lat' dir='ltr'>Nostra</span> <span class='ocrx_word' id='word_1_209' title='bbox 1217 2976 1348 3059; x_wconf 91' lang='lat' dir='ltr'>denique</span> 
     </span>
     <span class='ocr_line' id='line_1_27' title="bbox 236 3081 1349 3162; baseline 0.001 -21"><span class='ocrx_word' id='word_1_210' title='bbox 236 3083 338 3141; x_wconf 86' lang='lat' dir='ltr'>aetate</span> <span class='ocrx_word' id='word_1_211' title='bbox 374 3081 481 3162; x_wconf 92' lang='lat' dir='ltr'><strong>hymni</strong></span> <span class='ocrx_word' id='word_1_212' title='bbox 518 3082 662 3143; x_wconf 91' lang='lat' dir='ltr'>homerici</span> <span class='ocrx_word' id='word_1_213' title='bbox 699 3081 882 3143; x_wconf 88' lang='lat' dir='ltr'>invenerunt</span> <span class='ocrx_word' id='word_1_214' title='bbox 912 3081 1075 3155; x_wconf 90' lang='lat' dir='ltr'>editorem,</span> <span class='ocrx_word' id='word_1_215' title='bbox 1117 3081 1168 3161; x_wconf 90' lang='lat' dir='ltr'>qui</span> <span class='ocrx_word' id='word_1_216' title='bbox 1198 3086 1349 3162; x_wconf 89' lang='lat' dir='ltr'>apparatu</span> 
     </span>
     <span class='ocr_line' id='line_1_28' title="bbox 236 3183 1349 3267; baseline 0.001 -22"><span class='ocrx_word' id='word_1_217' title='bbox 236 3185 341 3246; x_wconf 90' lang='lat' dir='ltr'>critico</span> <span class='ocrx_word' id='word_1_218' title='bbox 364 3186 467 3247; x_wconf 84' lang='lat' dir='ltr'>viaet</span> <span class='ocrx_word' id='word_1_219' title='bbox 490 3187 608 3249; x_wconf 89' lang='lat' dir='ltr'>ratione</span> <span class='ocrx_word' id='word_1_220' title='bbox 632 3187 760 3249; x_wconf 90' lang='lat' dir='ltr'>collecto</span> <span class='ocrx_word' id='word_1_221' title='bbox 783 3187 821 3248; x_wconf 89' lang='lat' dir='ltr'>iis</span> <span class='ocrx_word' id='word_1_222' title='bbox 838 3185 997 3248; x_wconf 85' lang='lat' dir='ltr'>subiunxit</span> <span class='ocrx_word' id='word_1_223' title='bbox 1013 3183 1159 3262; x_wconf 88' lang='lat' dir='ltr'>subsidia,</span> <span class='ocrx_word' id='word_1_224' title='bbox 1183 3186 1292 3267; x_wconf 90' lang='lat' dir='ltr'>quibus</span> <span class='ocrx_word' id='word_1_225' title='bbox 1309 3187 1349 3247; x_wconf 93' lang='lat' dir='ltr'>ad</span> 
     </span>
     <span class='ocr_line' id='line_1_29' title="bbox 236 3276 1347 3373; baseline 0.001 -23"><span class='ocrx_word' id='word_1_226' title='bbox 236 3309 289 3350; x_wconf 89' lang='lat' dir='ltr'>eos</span> <span class='ocrx_word' id='word_1_227' title='bbox 318 3291 516 3370; x_wconf 80' lang='lat' dir='ltr'>castigandos</span> <span class='ocrx_word' id='word_1_228' title='bbox 547 3295 580 3353; x_wconf 89' lang='lat' dir='ltr'>et</span> <span class='ocrx_word' id='word_1_229' title='bbox 609 3276 816 3354; x_wconf 84' lang='lat' dir='ltr'>emendandos</span> <span class='ocrx_word' id='word_1_230' title='bbox 838 3312 914 3373; x_wconf 90' lang='lat' dir='ltr'>opus</span> <span class='ocrx_word' id='word_1_231' title='bbox 935 3293 993 3351; x_wconf 89' lang='lat' dir='ltr'>est.</span> <span class='ocrx_word' id='word_1_232' title='bbox 1037 3291 1161 3352; x_wconf 86' lang='lat' dir='ltr'>Etenim</span> <span class='ocrx_word' id='word_1_233' title='bbox 1184 3287 1347 3351; x_wconf 77' lang='lat' dir='ltr'>Schneide-</span> 
     </span>
     <span class='ocr_line' id='line_1_30' title="bbox 235 3394 1348 3476; baseline -0.001 -20"><span class='ocrx_word' id='word_1_234' title='bbox 235 3394 335 3456; x_wconf 83' lang='lat' dir='ltr'>winus</span> <span class='ocrx_word' id='word_1_235' title='bbox 357 3414 414 3475; x_wconf 90' lang='lat' dir='ltr'>per</span> <span class='ocrx_word' id='word_1_236' title='bbox 435 3395 474 3456; x_wconf 91' lang='lat' dir='ltr'>H.</span> <span class='ocrx_word' id='word_1_237' title='bbox 485 3395 618 3458; x_wconf 87' lang='lat' dir='ltr'>Keilium</span> <span class='ocrx_word' id='word_1_238' title='bbox 639 3417 670 3459; x_wconf 86' lang='lat' dir='ltr'>v.</span> <span class='ocrx_word' id='word_1_239' title='bbox 686 3397 724 3476; x_wconf 90' lang='lat' dir='ltr'>d.‚</span> <span class='ocrx_word' id='word_1_240' title='bbox 740 3396 869 3459; x_wconf 86' lang='lat' dir='ltr'>duorum</span> <span class='ocrx_word' id='word_1_241' title='bbox 882 3397 1029 3458; x_wconf 90' lang='lat' dir='ltr'>librorum</span> <span class='ocrx_word' id='word_1_242' title='bbox 1043 3396 1223 3458; x_wconf 79' lang='lat' dir='ltr'>collationes</span> <span class='ocrx_word' id='word_1_243' title='bbox 1239 3397 1348 3456; x_wconf 90' lang='lat' dir='ltr'>nactus</span> 
     </span>
     <span class='ocr_line' id='line_1_31' title="bbox 237 3499 1348 3588; baseline 0.002 -29"><span class='ocrx_word' id='word_1_244' title='bbox 237 3517 272 3560; x_wconf 90' lang='lat' dir='ltr'>ac</span> <span class='ocrx_word' id='word_1_245' title='bbox 301 3502 465 3581; x_wconf 88' lang='lat' dir='ltr'>postquam</span> <span class='ocrx_word' id='word_1_246' title='bbox 495 3501 629 3562; x_wconf 90' lang='lat' dir='ltr'>codicem</span> <span class='ocrx_word' id='word_1_247' title='bbox 659 3501 905 3588; x_wconf 86' lang='lat' dir='ltr'>Moscovicnsem</span> <span class='ocrx_word' id='word_1_248' title='bbox 944 3502 1037 3578; x_wconf 91' lang='lat' dir='ltr'>(nunc</span> <span class='ocrx_word' id='word_1_249' title='bbox 1056 3499 1250 3576; x_wconf 90' lang='lat' dir='ltr'>Leidensem)</span> <span class='ocrx_word' id='word_1_250' title='bbox 1280 3500 1348 3579; x_wconf 91' lang='lat' dir='ltr'>ipse</span> 
     </span>
     <span class='ocr_line' id='line_1_32' title="bbox 235 3601 1349 3688; baseline 0.001 -25"><span class='ocrx_word' id='word_1_251' title='bbox 235 3604 336 3664; x_wconf 89' lang='lat' dir='ltr'>denuo</span> <span class='ocrx_word' id='word_1_252' title='bbox 367 3607 520 3684; x_wconf 88' lang='lat' dir='ltr'>excussit,</span> <span class='ocrx_word' id='word_1_253' title='bbox 550 3607 649 3668; x_wconf 88' lang='lat' dir='ltr'>animo</span> <span class='ocrx_word' id='word_1_254' title='bbox 678 3607 777 3668; x_wconf 83' lang='lat' dir='ltr'>volvit</span> <span class='ocrx_word' id='word_1_255' title='bbox 798 3607 889 3667; x_wconf 90' lang='lat' dir='ltr'>edere</span> <span class='ocrx_word' id='word_1_256' title='bbox 911 3606 1042 3688; x_wconf 90' lang='lat' dir='ltr'><strong>hymnos</strong></span> <span class='ocrx_word' id='word_1_257' title='bbox 1065 3605 1241 3667; x_wconf 89' lang='lat' dir='ltr'>homericos.</span> <span class='ocrx_word' id='word_1_258' title='bbox 1287 3601 1349 3666; x_wconf 81' lang='lat' dir='ltr'>Sed</span> 
     </span>
     <span class='ocr_line' id='line_1_33' title="bbox 237 3705 1347 3792; baseline 0.002 -24"><span class='ocrx_word' id='word_1_259' title='bbox 237 3727 315 3768; x_wconf 92' lang='lat' dir='ltr'>anno</span> <span class='ocrx_word' id='word_1_260' title='bbox 348 3710 431 3769; x_wconf 84' lang='lat'>1856</span> <span class='ocrx_word' id='word_1_261' title='bbox 455 3713 650 3791; x_wconf 88' lang='lat' dir='ltr'>praematura</span> <span class='ocrx_word' id='word_1_262' title='bbox 673 3713 772 3773; x_wconf 87' lang='lat' dir='ltr'>morte</span> <span class='ocrx_word' id='word_1_263' title='bbox 800 3711 947 3792; x_wconf 89' lang='lat' dir='ltr'>abreptus</span> <span class='ocrx_word' id='word_1_264' title='bbox 976 3714 1033 3773; x_wconf 90' lang='lat' dir='ltr'>est.</span> <span class='ocrx_word' id='word_1_265' title='bbox 1079 3710 1200 3781; x_wconf 81' lang='lat' dir='ltr'>Quibus</span> <span class='ocrx_word' id='word_1_266' title='bbox 1223 3705 1347 3771; x_wconf 77' lang='lat' dir='ltr'>Schnei-</span> 
     </span>
     <span class='ocr_line' id='line_1_34' title="bbox 237 3812 1349 3895; baseline 0.001 -21"><span class='ocrx_word' id='word_1_267' title='bbox 237 3812 349 3874; x_wconf 85' lang='lat' dir='ltr'>dewini</span> <span class='ocrx_word' id='word_1_268' title='bbox 376 3814 522 3876; x_wconf 90' lang='lat' dir='ltr'>subsidiis</span> <span class='ocrx_word' id='word_1_269' title='bbox 544 3815 714 3878; x_wconf 90' lang='lat' dir='ltr'>instructus</span> <span class='ocrx_word' id='word_1_270' title='bbox 738 3819 769 3877; x_wconf 90' lang='lat' dir='ltr'>ct</span> <span class='ocrx_word' id='word_1_271' title='bbox 791 3815 900 3878; x_wconf 89' lang='lat' dir='ltr'>intima</span> <span class='ocrx_word' id='word_1_272' title='bbox 922 3815 1144 3890; x_wconf 84' lang='lat' dir='ltr'>familiaritate,</span> <span class='ocrx_word' id='word_1_273' title='bbox 1175 3831 1266 3895; x_wconf 90' lang='lat' dir='ltr'>quam</span> <span class='ocrx_word' id='word_1_274' title='bbox 1287 3815 1349 3875; x_wconf 87' lang='lat' dir='ltr'>iam</span> 
     </span>
     <span class='ocr_line' id='line_1_35' title="bbox 236 3917 1348 4004; baseline 0.001 -27"><span class='ocrx_word' id='word_1_275' title='bbox 236 3917 353 3980; x_wconf 90' lang='lat' dir='ltr'>dudum</span> <span class='ocrx_word' id='word_1_276' title='bbox 375 3938 443 3980; x_wconf 84' lang='lat' dir='ltr'>cnm</span> <span class='ocrx_word' id='word_1_277' title='bbox 458 3918 584 3981; x_wconf 91' lang='lat' dir='ltr'>Homeri</span> <span class='ocrx_word' id='word_1_278' title='bbox 599 3921 784 3982; x_wconf 89' lang='lat' dir='ltr'>carminibus</span> <span class='ocrx_word' id='word_1_279' title='bbox 799 3921 975 3997; x_wconf 90' lang='lat' dir='ltr'>minoribus,</span> <span class='ocrx_word' id='word_1_280' title='bbox 995 3937 1073 4004; x_wconf 89' lang='lat' dir='ltr'>quae</span> <span class='ocrx_word' id='word_1_281' title='bbox 1088 3921 1210 3995; x_wconf 87' lang='lat' dir='ltr'>vocant,</span> <span class='ocrx_word' id='word_1_282' title='bbox 1233 3919 1348 3994; x_wconf 89' lang='lat' dir='ltr'>habuit,</span> 
     </span>
     <span class='ocr_line' id='line_1_36' title="bbox 236 4021 1348 4107; baseline 0.002 -26"><span class='ocrx_word' id='word_1_283' title='bbox 236 4022 352 4102; x_wconf 89' lang='lat' dir='ltr'>„qnasi</span> <span class='ocrx_word' id='word_1_284' title='bbox 374 4023 553 4086; x_wconf 87' lang='lat' dir='ltr'>indicatus“</span> <span class='ocrx_word' id='word_1_285' title='bbox 576 4061 618 4070; x_wconf 92' lang='lat'>-</span> <span class='ocrx_word' id='word_1_286' title='bbox 640 4024 829 4107; x_wconf 87' lang='lat' dir='ltr'>Koechly</span> <span class='ocrx_word' id='word_1_287' title='bbox 850 4026 882 4086; x_wconf 93' lang='lat' dir='ltr'>in</span> <span class='ocrx_word' id='word_1_288' title='bbox 901 4041 1055 4105; x_wconf 87' lang='lat' dir='ltr'>program.</span> <span class='ocrx_word' id='word_1_289' title='bbox 1077 4021 1178 4084; x_wconf 80' lang='lat' dir='ltr'>Turio.</span> <span class='ocrx_word' id='word_1_290' title='bbox 1198 4042 1225 4084; x_wconf 93' lang='lat' dir='ltr'>a.</span> <span class='ocrx_word' id='word_1_291' title='bbox 1246 4026 1348 4098; x_wconf 83' lang='grc'>1856,</span> 
     </span>
     <span class='ocr_line' id='line_1_37' title="bbox 236 4123 1347 4211; baseline 0.001 -26"><span class='ocrx_word' id='word_1_292' title='bbox 236 4123 469 4188; x_wconf 84' lang='lat' dir='ltr'>Boumeisterus</span> <span class='ocrx_word' id='word_1_293' title='bbox 491 4128 523 4188; x_wconf 93' lang='lat' dir='ltr'>in</span> <span class='ocrx_word' id='word_1_294' title='bbox 543 4129 615 4190; x_wconf 82' lang='lat' dir='ltr'>edit.</span> <span class='ocrx_word' id='word_1_295' title='bbox 637 4129 740 4210; x_wconf 91' lang='lat' dir='ltr'><strong>hymn.</strong></span> <span class='ocrx_word' id='word_1_296' title='bbox 763 4130 857 4211; x_wconf 87' lang='lat' dir='ltr'>praef.</span> <span class='ocrx_word' id='word_1_297' title='bbox 880 4148 932 4209; x_wconf 83' lang='lat' dir='ltr'>pg.</span> <span class='ocrx_word' id='word_1_298' title='bbox 954 4127 985 4188; x_wconf 86' lang='lat' dir='ltr'><strong>V</strong></span> <span class='ocrx_word' id='word_1_299' title='bbox 1002 4162 1051 4203; x_wconf 90' lang='lat'>-‚</span> <span class='ocrx_word' id='word_1_300' title='bbox 1080 4125 1244 4206; x_wconf 85' lang='lat' dir='ltr'>Angustus</span> <span class='ocrx_word' id='word_1_301' title='bbox 1267 4126 1347 4188; x_wconf 88' lang='lat' dir='ltr'>Bau-</span> 
     </span>
     <span class='ocr_line' id='line_1_38' title="bbox 236 4230 1349 4315; baseline -0.001 -25"><span class='ocrx_word' id='word_1_302' title='bbox 236 4230 415 4302; x_wconf 88' lang='lat' dir='ltr'>meisterus‚</span> <span class='ocrx_word' id='word_1_303' title='bbox 453 4250 480 4292; x_wconf 89' lang='lat' dir='ltr'>a.</span> <span class='ocrx_word' id='word_1_304' title='bbox 505 4235 589 4294; x_wconf 92' lang='grc'>1860</span> <span class='ocrx_word' id='word_1_305' title='bbox 618 4233 715 4294; x_wconf 90' lang='lat' dir='ltr'>edidit</span> <span class='ocrx_word' id='word_1_306' title='bbox 742 4235 873 4315; x_wconf 91' lang='lat' dir='ltr'>hymnos</span> <span class='ocrx_word' id='word_1_307' title='bbox 901 4232 1070 4294; x_wconf 88' lang='lat' dir='ltr'>homericos</span> <span class='ocrx_word' id='word_1_308' title='bbox 1099 4251 1168 4293; x_wconf 88' lang='lat' dir='ltr'>cum</span> <span class='ocrx_word' id='word_1_309' title='bbox 1198 4232 1349 4312; x_wconf 88' lang='lat' dir='ltr'>apparatu</span> 
     </span>
     <span class='ocr_line' id='line_1_39' title="bbox 236 4333 1101 4424; baseline 0.001 -28"><span class='ocrx_word' id='word_1_310' title='bbox 236 4333 341 4396; x_wconf 90' lang='lat' dir='ltr'>critico</span> <span class='ocrx_word' id='word_1_311' title='bbox 364 4338 396 4396; x_wconf 89' lang='lat' dir='ltr'>et</span> <span class='ocrx_word' id='word_1_312' title='bbox 414 4337 496 4398; x_wconf 90' lang='lat' dir='ltr'>notis</span> <span class='ocrx_word' id='word_1_313' title='bbox 520 4358 589 4400; x_wconf 92' lang='lat' dir='ltr'>cnm</span> <span class='ocrx_word' id='word_1_314' title='bbox 610 4338 766 4402; x_wconf 84' lang='lat' dir='ltr'>variorum</span> <span class='ocrx_word' id='word_1_315' title='bbox 788 4341 854 4399; x_wconf 91' lang='lat' dir='ltr'>tum</span> <span class='ocrx_word' id='word_1_316' title='bbox 877 4336 941 4398; x_wconf 89' lang='lat' dir='ltr'>suis</span> <span class='ocrx_word' id='word_1_317' title='bbox 964 4336 1101 4424; x_wconf 72' lang='lat' dir='ltr'>adiectis.</span> 
     </span>
    </p>
   </div>
   <div class='ocr_carea' id='block_1_3' title="bbox 0 0 1553 4936">
    <p class='ocr_par' dir='ltr' id='par_1_3' title="bbox 0 0 1553 4936">
     <span class='ocr_line' id='line_1_40' title="bbox 0 0 1553 4936; baseline 0 0"><span class='ocrx_word' id='word_1_318' title='bbox 0 0 1553 4936; x_wconf 95' lang='lat' dir='ltr'> </span> 
     </span>
    </p>
   </div>
  </div>
 </body>
</html>
